@book{pinter2014book,
	title={A book of set theory},
	author={Pinter, Charles C},
	year={2014},
	publisher={Dover Publications Corporation}
}

@misc{settheory-tutorial,
	author = {Alex Svirin},
	year = 2021,
	howpublished = {\url{https://www.math24.net/topics-set-theory/}}
}
