@article{wigner,
  title   = "The unreasonable effectiveness of mathematics in the natural sciences.",
  journal = "Communications on Pure and Applied Mathematics",
  volume  = "13",
  number  = "1",
  pages   = "1--14",
  year    = "1960",
  doi     = "10.1002/cpa.3160130102",
  author  = "E. Wigner"
}

@article{rashevsky,
author="Rashevsky, N.",
title="Topology and life: In search of general mathematical principles in biology and sociology",
journal="The bulletin of mathematical biophysics",
year="1954",
volume="16",
number="4",
pages="317--348",
doi="10.1007/BF02484495",
}

@article{chichilnisky,
title = "Social choice and the topology of spaces of preferences",
journal = "Advances in Mathematics",
volume = "37",
number = "2",
pages = "165 - 176",
year = "1980",
doi = "http://dx.doi.org/10.1016/0001-8708(80)90032-8",
author = "Graciela Chichilnisky",
}

@book{nakahara,
  title={Geometry, topology and physics},
  author={Nakahara, Mikio},
  year={2003},
  publisher={CRC Press}
}

@book{basener,
	title={Topology and its applications},
	author={Basener, William F.},
	year={2006},
	publisher={John Wiley \& Sons}
}

% Should cite chapter 3. Electronic form at
% https://ebooks.adelaide.edu.au/m/mill/john_stuart/system_of_logic/chapter18.html

@book{mill,
title={A system of logic},
author={Mill, John Stuart},
year={1843},
publisher={Parker}
}

@book{russell,
	title={The problems of philosophy},
	author={Russell, Bertrand},
	year={1912},
	publisher={Home University Library}
}
