
@article{Shannon,
	added-at = {2018-06-03T07:16:08.000+0200},
	author = {Shannon, Claude Elwood},
	biburl = {https://www.bibsonomy.org/bibtex/2991e1d12fe529405c363bd2aad283d7b/achakraborty},
	doi = {10.1002/j.1538-7305.1948.tb01338.x},
	interhash = {754130207906fcec16a53d330eeff348},
	intrahash = {991e1d12fe529405c363bd2aad283d7b},
	journal = {The Bell System Technical Journal},
	keywords = {ieee information-theory paper},
	month = {7},
	number = 3,
	pages = {379--423},
	publisher = {Nokia Bell Labs},
	timestamp = {2018-06-03T07:17:55.000+0200},
	title = {A Mathematical Theory of Communication},
	url = {https://ieeexplore.ieee.org/document/6773024/},
	volume = 27,
	year = 1948
}

@article{Jaynes,
	title={Gibbs vs {Boltzmann} Entropies},
	volume={33},
	DOI={10.1119/1.1971557},
	number={5},
	journal={American Journal of Physics},
	author={Jaynes, Edwin Thompson},
	year={1965},
	pages={391–398}
} 

@incollection{Jaynes2,
	title={The gibbs paradox},
	author={Jaynes, Edwin Thompson},
	booktitle={Maximum entropy and bayesian methods},
	pages={1--21},
	year={1992},
	publisher={Springer}
}

@book{Giles,
	place={Oxford},
	title={Mathematical foundations of thermodynamics},
	publisher={Pergamon Press},
	author={Giles, Robin},
	year={1964}
}

@article{Dunkel,
	title={Relative entropy, {Haar} measures and relativistic canonical velocity distributions},
	volume={9},
	DOI={10.1088/1367-2630/9/5/144},
	number={5},
	journal={New Journal of Physics},
	author={Dunkel, J\"orn and Talkner, Peter and H\"anggi, Peter}, year={2007},
	pages={144–144}
}

@article{Wheeler,
	author={Wheeler, John A.},
	title={Information, Physics, Quantum: The Search for Links},
	journal={Proceedings of 3rd International Symposium on the Foundations of Quantum Mechanics},
	place={Tokyo},
	year={1989},
	pages={354-368}
}

@article{Landauer,
	author={Landauer, Rolf},
	title={Information Is Physical},
	journal={Physics Today},
	number={44},
	pages={23–29}
}

@book{Vedral,
	author={Vedral, Vlatko},
	title={Decoding Reality: The Universe as Quantum Information},
	publisher={Oxford University Press},
	year={2010}
}

@book{Davies,
	author={Davies, Paul C. and Gregerson, Niels H.},
	title={Information and the Nature of Reality},
	publisher={Cambridge University Press},
	year={2010}
}

@article{Ben-Naim,
	author = {Ben-Naim, Arieh},
	title = {Entropy: Order or Information},
	journal = {Journal of Chemical Education},
	volume = {88},
	number = {5},
	pages = {594-596},
	year = {2011},
	doi = {10.1021/ed100922x}
}

@article{Grandy,
	author = {Grandy,W. T. },
	title = {Resource Letter ITP-1: Information Theory in Physics},
	journal = {American Journal of Physics},
	volume = {65},
	number = {6},
	pages = {466-476},
	year = {1997},
	doi = {10.1119/1.18776}
}

@article{Jaynes1957-1,
	title = {Information Theory and Statistical Mechanics},
	author = {Jaynes, E. T.},
	journal = {Phys. Rev.},
	volume = {106},
	issue = {4},
	pages = {620--630},
	year = {1957},
	doi = {10.1103/PhysRev.106.620}
}

@article{KishFerry,
	author = {Kish, L.B. and Ferry, D.K. },
	title = {Information entropy and thermal entropy: apples and oranges},
	journal = {Journal of Computational Electronics},
	volume = {17},
	number = {1},
	pages = {43-50},
	year = {2018},
	doi = {10.1007/s10825-017-1044-1}
}

@article{Machta,
	author = {Machta,J. },
	title = {Entropy, information, and computation},
	journal = {American Journal of Physics},
	volume = {67},
	number = {12},
	pages = {1074-1077},
	year = {1999},
	doi = {10.1119/1.19085}
}

@article{Styer,
	author = {Styer,Dan },
	title = {Entropy as Disorder: History of a Misconception},
	journal = {The Physics Teacher},
	volume = {57},
	number = {7},
	pages = {454-458},
	year = {2019},
	doi = {10.1119/1.5126822}
}

@article{Swendsen,
	author = {Swendsen,Robert H. },
	title = {How physicists disagree on the meaning of entropy},
	journal = {American Journal of Physics},
	volume = {79},
	number = {4},
	pages = {342-348},
	year = {2011},
	doi = {10.1119/1.3536633}
}

@article{Huffman,
	author={D. A. {Huffman}},
	journal={Proceedings of the IRE}, 
	title={A Method for the Construction of Minimum-Redundancy Codes}, 
	year={1952},
	volume={40},
	number={9},
	pages={1098-1101},}
	
@article{AoP2020HamiltonianEntropy,
  title={Hamiltonian mechanics is conservation of information entropy},
  author={Carcassi, Gabriele and Aidala, Christine A},
  journal={Studies in History and Philosophy of Science Part B: Studies in History and Philosophy of Modern Physics},
  year={2020},
  publisher={Elsevier}
}

@book{khinchin2013mathematical,
  title={Mathematical foundations of information theory},
  author={Khinchin, A Ya},
  year={2013},
  publisher={Courier Corporation}
}

@article{Chyla,
  title={Evolution of the International Metric System of Units SI.},
  author={Chyla, WT},
  journal={Acta Physica Polonica, A.},
  volume={120},
  number={6},
  year={2011}
}

@book{KittelKroemer,
	author={Kittel, Charles and Kroemer, Herbert},
	title={Thermal Physics},
	edition={2},
	publisher={W.H.~Freeman},
	year={1980}
}

@article{LeffPartI,
	title={Removing the mystery of entropy and thermodynamics—Part I},
	author={Leff, Harvey S},
	journal={The Physics Teacher},
	volume={50},
	number={1},
	pages={28--31},
	year={2012},
	publisher={American Association of Physics Teachers}
}

@article{LeffPartII,
	title={Removing the mystery of entropy and thermodynamics—Part II},
	author={Leff, Harvey S},
	journal={The Physics Teacher},
	volume={50},
	number={2},
	pages={87--90},
	year={2012},
	publisher={American Association of Physics Teachers}
}

@article{LeffPartIII,
	title={Removing the mystery of entropy and thermodynamics—Part III},
	author={Leff, Harvey S},
	journal={The Physics Teacher},
	volume={50},
	number={3},
	pages={170--172},
	year={2012},
	publisher={American Association of Physics Teachers}
}

@article{LeffPartIV,
	title={Removing the mystery of entropy and thermodynamics—Part IV},
	author={Leff, Harvey S},
	journal={The Physics Teacher},
	volume={50},
	number={4},
	pages={215--217},
	year={2012},
	publisher={American Association of Physics Teachers}
}

@article{LeffPartV,
	author = {Leff,Harvey S. },
	title = {Removing the Mystery of Entropy and Thermodynamics — Part V},
	journal = {The Physics Teacher},
	volume = {50},
	number = {5},
	pages = {274-276},
	year = {2012},
	doi = {10.1119/1.3703541},
	
	URL = { 
	https://doi.org/10.1119/1.3703541},
	eprint = { 
	https://doi.org/10.1119/1.3703541}
}

@article{chyla2011evolution,
	title={Evolution of the International Metric System of Units SI.},
	author={Chyla, WT},
	journal={Acta Physica Polonica, A.},
	volume={120},
	number={6},
	year={2011}
}

@online{videos,
	author = {Gabriele Carcassi},
	title = { \href{https://www.youtube.com/playlist?list=PLmNMSMaNjnDcKnXpvJy26z83OloND1ZXr}{Understanding Shannon Entropy} },
	year = 2020,
	url = {https://www.youtube.com/playlist?list=PLmNMSMaNjnDcKnXpvJy26z83OloND1ZXr},
}

@article{carson2002undergraduate,
	title={Undergraduate students’ understandings of entropy and Gibbs free energy},
	author={Carson, Elin M and Watson, John R},
	journal={University Chemistry Education},
	volume={6},
	number={1},
	pages={4--12},
	year={2002}
}

@article{baierlein1994entropy,
	title={Entropy and the second law: A pedagogical alternative},
	author={Baierlein, Ralph},
	journal={American Journal of Physics},
	volume={62},
	number={1},
	pages={15--26},
	year={1994},
	publisher={American Association of Physics Teachers}
}

@article{geller2014entropy,
	title={Entropy and spontaneity in an introductory physics course for life science students},
	author={Geller, Benjamin D and Dreyfus, Benjamin W and Gouvea, Julia and Sawtelle, Vashti and Turpen, Chandra and Redish, Edward F},
	journal={American Journal of Physics},
	volume={82},
	number={5},
	pages={394--402},
	year={2014},
	publisher={American Association of Physics Teachers}
}

@article{goldstein2019gibbs,
	title={Gibbs and Boltzmann entropy in classical and quantum mechanics},
	author={Goldstein, Sheldon and Lebowitz, Joel L and Tumulka, Roderich and Zangh{\`\i}, Nino},
	journal={arXiv preprint arXiv:1903.11870},
	year={2019},
	publisher={World Scientific}
}

@article{jarzynski2017stochastic,
	title={Stochastic and macroscopic thermodynamics of strongly coupled systems},
	author={Jarzynski, Christopher},
	journal={Physical Review X},
	volume={7},
	number={1},
	pages={011008},
	year={2017},
	publisher={APS}
}

@article{maes2003time,
	title={Time-reversal and entropy},
	author={Maes, Christian and Neto{\v{c}}n{\`y}, Karel},
	journal={Journal of statistical physics},
	volume={110},
	number={1-2},
	pages={269--310},
	year={2003},
	publisher={Springer}
}