@book{aop-book,
	author    = {Gabriele Carcassi and Christine A. Aidala},
	title     = {Assumptions of Physics},
	publisher = {Michigan Publishing},
	year      = 2021,
	isbn      = {978-1-60785-706-7},
	doi       = {10.3998/mpub.12204707},
	url       = {https://assumptionsofphysics.org/book/}
}

@article{aop-phys-QuantumRequiresNonAdditiveMeasures,
	AUTHOR = {Carcassi, Gabriele and Aidala, Christine A.},
	TITLE = {How Quantum Mechanics Requires Non-Additive Measures},
	JOURNAL = {Entropy},
	VOLUME = {25},
	YEAR = {2023},
	NUMBER = {12},
	ARTICLE-NUMBER = {1670},
	PubMedID = {38136550},
	ISSN = {1099-4300},
	DOI = {10.3390/e25121670}
}

@article{aop-phil-HamiltonianPrivilege,
	title={Hamiltonian Privilege},
	author={Hunt, Josh and Carcassi, Gabriele and Aidala, Christine},
	journal={Erkenntnis},
	pages={1--24},
	year={2023},
	publisher={Springer},
	doi={10.1007/s10670-023-00708-0}
}

@article{aop-phil-Hamiltonianinformation,
	title={Hamiltonian mechanics is conservation of information entropy},
	author={Carcassi, Gabriele and Aidala, Christine A},
	journal={Studies in History and Philosophy of Science Part B: Studies in History and Philosophy of Modern Physics},
	volume={71},
	pages={60--71},
	year={2020},
	publisher={Elsevier},
	doi={10.1016/j.shpsb.2020.04.004}
}

@article{aop-phys-variability,
	title={Variability as a better characterization of {S}hannon entropy},
	author={Carcassi, Gabriele and Aidala, Christine A and Barbour, Julian},
	journal={European Journal of Physics},
	volume={42},
	number={4},
	pages={045102},
	year={2021},
	publisher={IOP Publishing},
	doi={10.1088/1361-6404/abe361}
}

@article{aop-phys-ReversePhysics,
	title={Reverse Physics: From Laws to Physical Assumptions},
	author={Carcassi, Gabriele and Aidala, Christine A},
	journal={Foundations of Physics},
	volume={52},
	number={2},
	pages={1--10},
	year={2022},
	publisher={Springer},
	doi={10.1007/s10701-022-00555-z}
}

@article{aop-phys-ActionPrincipleInterpretation,
	title={Geometric and physical interpretation of the action principle},
	author={Carcassi, Gabriele and Aidala, Christine A},
	journal={Scientific Reports},
	volume={13},
	number={1},
	pages={12138},
	year={2023},
	publisher={Nature Publishing Group UK London},
	doi={10.1038/s41598-023-39145-y}
}

@article{aop-phys-blueprint,
	title={From physical assumptions to classical and quantum Hamiltonian and Lagrangian particle mechanics},
	author={Carcassi, Gabriele and Aidala, Christine A and Baker, David J and Bieri, Lydia},
	journal={Journal of Physics Communications},
	volume={2},
	number={4},
	pages={045026},
	year={2018},
	publisher={IOP Publishing},
	doi={10.1088/2399-6528/aaba25}
}


@article{gpt_overview_2021,
	title = {General probabilistic theories: An introduction},
	url = {https://doi.org/10.48550/arXiv.2103.07469},
	doi = {10.48550/arXiv.2103.07469},
	author = {Martin Plávala},
	year = {2021}
}

@book{tao2021introduction,
	title={An Introduction to Measure Theory},
	author={Tao, T.},
	isbn={9781470466404},
	lccn={2011018926},
	series={Graduate Studies in Mathematics},
	year={2021},
	publisher={American Mathematical Society}
}


@article{chyla2011evolution,
	title="{Evolution of the International Metric System of Units SI}",
	author={Chyla, W.T.},
	journal={Acta Physica Polonica, A.},
	volume={120},
	number={6},
	pages={998},
	year={2011}
}

@book{nonadditive2014,
	author = {Torra, Vicenc and Narukawa, Yasuo and Sugeno, Michio},
	title = {Non-Additive Measures: Theory and Applications},
	year = {2014},
	isbn = {3319375253},
	publisher = {Springer International Publishing},
	edition = {1st},
}

@book{denneberg1994non,
	title={Non-additive measure and integral},
	author={Denneberg, Dieter},
	volume={27},
	year={1994},
	publisher={Springer Science \& Business Media}
}

@article{sorkin1994quantum,
	title={Quantum mechanics as quantum measure theory},
	author={Sorkin, Rafael D},
	journal={Modern Physics Letters A},
	volume={9},
	number={33},
	pages={3119--3127},
	year={1994},
	publisher={World Scientific}
}

@book{hamhalter2003quantum,
	title={Quantum measure theory},
	author={Hamhalter, Jan},
	volume={134},
	year={2003},
	publisher={Springer Dordrecht},
	doi={https://doi.org/10.1007/978-94-017-0119-8}
}

%QM on phase space
@book{groenewold1946principles,
	title={On the principles of elementary quantum mechanics},
	author={Groenewold, Hilbrand Johannes},
	year={1946},
	publisher={Springer}
}

%QM on phase space
@inproceedings{moyal1949quantum,
	title={Quantum mechanics as a statistical theory},
	author={Moyal, Jos{\'e} E},
	booktitle={Mathematical Proceedings of the Cambridge Philosophical Society},
	volume={45},
	number={1},
	pages={99--124},
	year={1949},
	organization={Cambridge University Press}
}

@article{monchietti2023measure,
	title={Measure-theoretic approach to negative probabilities},
	author={Monchietti, Elisa and Massri, C{\'e}sar and de Barros, J Acacio and Holik, Federico},
	journal={arXiv preprint arXiv:2302.00118},
	year={2023}
}

@article{svozil2022extending,
	title={Extending {K}olmogorov’s axioms for a generalized probability theory on collections of contexts},
	author={Svozil, Karl},
	journal={Entropy},
	volume={24},
	number={9},
	pages={1285},
	year={2022},
	publisher={MDPI}
}

@article{gleason1957measures,
	title={Measures on the closed subspaces of a {H}ilbert space},
	author={Gleason, Andrew M},
	journal={Journal of Mathematics and Mechanics},
	volume={6},
	number={6},
	pages={885},
	year={1957},
}

@book{Peliti2011,
	url = {https://doi.org/10.1515/9781400839360},
	title = {Statistical Mechanics in a Nutshell},
	author = {Luca Peliti},
	publisher = {Princeton University Press},
	address = {Princeton},
	doi = {doi:10.1515/9781400839360},
	isbn = {9781400839360},
	year = {2011},
	lastchecked = {2023-10-25}
}

@book{kelly1996,
	title = {The Logic of Reliable Inquiry},
	author = {Kevin T. Kelly},
	publisher = {Oxford University Press},
	isbn = {0195091957},
	year = {1996}
}

@article{gudder2009quantum,
	title={Quantum measure and integration theory},
	author={Gudder, Stan},
	journal={Journal of Mathematical Physics},
	volume={50},
	number={12},
	year={2009},
	publisher={AIP Publishing}
}

@article{zeilinger1999,
	title={A Foundational Principle for Quantum Mechanics},
	author={Zeilinger, Anton},
	journal={Foundations of Physics},
	volume={29},
	pages={631},
	year={1999}
}

@article{Hardy:2001jk,
	author = "Hardy, Lucien",
	title = "{Quantum theory from five reasonable axioms}",
	eprint = "quant-ph/0101012",
	archivePrefix = "arXiv",
	month = "1",
	year = "2001"
}

@article{clifton2003,
	title={Characterizing quantum theory in terms of information-theoretic constraints},
	author={Clifton, Rob and Bub, Jeffrey and Halvorson, Hans},
	journal={Foundations of Physics},
	volume={33},
	pages={1561},
	year={2003}
}

@article{bub2005,
	title={Quantum mechanics is about quantum information},
	author={Bub, Jeffrey},
	journal={Foundations of Physics},
	volume={35},
	pages={541},
	year={2005}
}

@article{chiribella2011,
	title = {Informational derivation of quantum theory},
	author = {Chiribella, Giulio and D'Ariano, Giacomo Mauro and Perinotti, Paolo},
	journal = {Phys. Rev. A},
	volume = {84},
	issue = {1},
	pages = {012311},
	year = {2011},
	doi = {10.1103/PhysRevA.84.012311},
	url = {https://link.aps.org/doi/10.1103/PhysRevA.84.012311}
}

@book{quantumrev2023,
	author = {Arkady Plotnitsky, Emmanuel Haven},
	title = {The Quantum-Like Revolution},
	year = {2023},
	isbn = {978-3-031-12985-8},
	publisher = {Springer Cham},
	edition = {1st},
}
