@UNPUBLISHED{AoPBook,
	author       = {G. Carcassi and C. A. Aidala}, 
	title        = "Assumptions of {P}hysics", 
	note         = "{B}ook in preparation, available from \url{https://assumptionsofphysics.org/book}", 
	year         = "2021"
}


@ARTICLE {AoPPhy1,
	author  = "Gabriele Carcassi and Christine A. Aidala and David J. Baker and Lydia Bieri",
	title   = "From physical assumptions to classical and quantum {H}amiltonian and {L}agrangian particle mechanics",
	journal = "Journal of Physics Communications",
	year    = "2018",
	volume  = "2",
    number  = "4",
    pages   = "045026",
	url     = "https://doi.org/10.1088/2399-6528/aaba25"
}

@article{larsson2014loopholes,
	title={Loopholes in Bell inequality tests of local realism},
	author={Larsson, Jan-{\AA}ke},
	journal={Journal of Physics A: Mathematical and Theoretical},
	volume={47},
	number={42},
	pages={424003},
	year={2014},
	publisher={IOP Publishing}
}

@article{ghirardi1986unified,
	title={Unified dynamics for microscopic and macroscopic systems},
	author={Ghirardi, Gian Carlo and Rimini, Alberto and Weber, Tullio},
	journal={Physical review D},
	volume={34},
	number={2},
	pages={470},
	year={1986},
	publisher={APS}
}

@book{carroll2019something,
	title={Something deeply hidden: quantum worlds and the emergence of spacetime},
	author={Carroll, Sean},
	year={2019},
	publisher={Dutton}
}

@article{lee2020model,
	title={A model of quantum gravity with emergent spacetime},
	author={Lee, Sung-Sik},
	journal={Journal of High Energy Physics},
	volume={2020},
	number={6},
	pages={1--66},
	year={2020},
	publisher={Springer}
}
@article{huggett2013emergent,
	title={Emergent spacetime and empirical (in) coherence},
	author={Huggett, Nick and W{\"u}thrich, Christian},
	journal={Studies in History and Philosophy of Science Part B: Studies in History and Philosophy of Modern Physics},
	volume={44},
	number={3},
	pages={276--285},
	year={2013},
	publisher={Elsevier}
}
@book{oriti2009approaches,
	title={Approaches to quantum gravity: Toward a new understanding of space, time and matter},
	author={Oriti, Daniele},
	year={2009},
	publisher={Cambridge University Press}
}
@inproceedings{nikolic2007bohmian,
	title={Bohmian mechanics in relativistic quantum mechanics, quantum field theory and string theory},
	author={Nikoli{\'c}, Hrvoje},
	booktitle={Journal of Physics: Conference Series},
	volume={67},
	number={1},
	pages={012035},
	year={2007},
	organization={IOP Publishing}
}

@book{von_neumann_mathematische_1996,
	edition = {2},
	title = {Mathematische {Grundlagen} der {Quantenmechanik}},
	isbn = {978-3-540-59207-5},
	url = {https://www.springer.com/la/book/9783540592075},
	publisher = {Springer-Verlag},
	author = {von Neumann, John},
	year = {1996/1932},
	doi = {10.1007/978-3-642-61409-5},
}

%@incollection{browder_hilberts_1976,
%	title = {Hilbert’s sixth problem: mathematical treatment of the axioms of physics},
%	volume = {28.1},
%	isbn = {978-0-8218-9421-7 978-0-8218-9425-5},
%	shorttitle = {Hilbert’s sixth problem},
%	url = {http://www.ams.org/pspum/028.1},
%	language = {en},
%	urldate = {2022-06-24},
%	booktitle = {Proceedings of {Symposia} in {Pure} {Mathematics}},
%	publisher = {American Mathematical Society},
%	author = {Wightman, A. S.},
%	editor = {Browder, Felix},
%	year = {1976},
%	doi = {10.1090/pspum/028.1/0436800},
%	pages = {147--240},
%}

@article{wightman_quantum_1956,
	title = {Quantum {Field} {Theory} in {Terms} of {Vacuum} {Expectation} {Values}},
	volume = {101},
	url = {https://link.aps.org/doi/10.1103/PhysRev.101.860},
	doi = {10.1103/PhysRev.101.860},
	number = {2},
	urldate = {2022-07-18},
	journal = {Physical Review},
	author = {Wightman, A. S.},
	year = {1956},
	pages = {860--866},
}

@incollection{redei_soft_2006,
	title = {Soft {Axiomatisation}: {John} von {Neumann} on {Method} and von {Neumann}’s {Method} in the {Physical} {Sciences}},
	isbn = {978-1-4020-4040-5},
	shorttitle = {Soft {Axiomatisation}},
	url = {https://doi.org/10.1007/1-4020-4040-7_11},
	booktitle = {Intuition and the {Axiomatic} {Method}},
	publisher = {Springer Netherlands},
	author = {Rédei, Miklós and Stöltzner, Michael},
	editor = {Carson, Emily and Huber, Renate},
	year = {2006},
	doi = {10.1007/1-4020-4040-7_11},
	keywords = {Axiomatic Method, Conceptual Clarity, Mathematical Rigor, Quantum Logic, Quantum Probability},
	pages = {235--249},
}

@book{haag_local_1996,
	edition = {2},
	title = {Local {Quantum} {Physics}: {Fields}, {Particles}, {Algebras}},
	isbn = {978-3-540-61049-6},
	shorttitle = {Local {Quantum} {Physics}},
	url = {https://www.springer.com/la/book/9783540610496},
	publisher = {Springer-Verlag},
	author = {Haag, Rudolf},
	year = {1996},
	doi = {10.1007/978-3-642-61458-3},
}
