%% This BibTeX bibliography file was created using BibDesk.
%% http://bibdesk.sourceforge.net/

%% Created for Andrea Oldofredi at 2021-04-21 16:59:27 +0200 


%% Saved with string encoding Unicode (UTF-8) 



@book{Cohn:2013,
	Author = {Cohn, D.L.},
	Date-Added = {2021-04-06 15:56:27 +0000},
	Date-Modified = {2021-04-06 15:56:57 +0000},
	Publisher = {Springer},
	Title = {{Measure theory, by Donald L. Cohn}},
	Year = {2013}}

@book{Davey:2002,
	Author = {Davey, B.A. and Priestley, H.A.},
	Date-Added = {2021-04-06 15:52:54 +0000},
	Date-Modified = {2021-04-06 15:54:54 +0000},
	Publisher = {Cambridge University Press},
	Title = {{Introduction to Lattices and Order Theory}},
	Year = {2002}}

@book{Vasudeva:2017,
	Author = {Vasudeva, H.L.},
	Date-Added = {2021-04-06 15:49:19 +0000},
	Date-Modified = {2021-04-06 15:50:06 +0000},
	Publisher = {Springer},
	Title = {{Elements of Hilbert Spaces and Operator Theory}},
	Year = {2017}}

@book{Rudin:1991,
	Author = {Rudin, W.},
	Date-Added = {2021-04-06 15:44:11 +0000},
	Date-Modified = {2021-04-21 14:59:26 +0000},
	Publisher = {McGrow Hill},
	Title = {{Functional Analysis}},
	Year = {1973}}

@book{Carcassi:2021,
	Address = {Available at https://doi.org/10.3998/mpub.12204707.},
	Author = {Carcassi, G. and Aidala, C.},
	Date-Added = {2021-03-24 09:39:30 +0000},
	Date-Modified = {2021-04-01 08:09:04 +0000},
	Publisher = {Ann Arbor, MI: Maize Books},
	Title = {{Assumptions of Physics}},
	Year = {2021}}

@book{Kelly:1996,
	Author = {Kelly, K.T.},
	Date-Added = {2021-03-24 09:36:08 +0000},
	Date-Modified = {2021-03-24 09:36:55 +0000},
	Publisher = {Oxford University Press},
	Title = {{The Logic of Reliable Inquiry}},
	Year = {1996}}

@book{Grimmett:2001,
	Author = {Grimmett, G. and Stirzaker, D.},
	Date-Added = {2021-03-24 09:33:30 +0000},
	Date-Modified = {2021-03-24 09:34:44 +0000},
	Publisher = {Oxford University Press},
	Title = {{Probability and Random Processes}},
	Year = {2001}}

@book{Lee:2012,
	Author = {Lee, M.J.},
	Date-Added = {2021-03-24 09:31:32 +0000},
	Date-Modified = {2021-03-24 09:33:28 +0000},
	Publisher = {Springer},
	Title = {{Introduction to Smooth Manifolds}},
	Year = {2012}}

@article{Svozi:1999,
	Author = {Svozi, K.},
	Date-Added = {2021-03-15 14:01:48 +0000},
	Date-Modified = {2021-03-15 14:02:14 +0000},
	Journal = {arXiv:quant-ph/9902042v2},
	Title = {{Quantum Logic: A Brief Outline}},
	Year = {1999}}

@book{Carnap:1966,
	Author = {Carnap, Rudolf},
	Date-Added = {2021-03-11 09:46:10 +0000},
	Date-Modified = {2021-03-11 09:47:03 +0000},
	Publisher = {Basic Books},
	Title = {{Philosophical Foundations of Physics}},
	Year = {1966}}

@article{Oldofredi:2020,
	Author = {Oldofredi, A.},
	Date-Added = {2021-03-11 09:22:46 +0000},
	Date-Modified = {2021-03-11 09:23:48 +0000},
	Journal = {Quantum Reports},
	Number = {4},
	Pages = {600-616},
	Title = {{Classical Logic in the Quantum Context}},
	Volume = {2},
	Year = {2020}}

@book{Holland:1993,
	Author = {Holland, P. R.},
	Date-Added = {2020-03-25 09:45:14 +0000},
	Date-Modified = {2020-03-25 09:47:01 +0000},
	Publisher = {Cambridge University Press},
	Title = {{The Quantum Theory of Motion. An Account of the de Broglie-Bohm Causal Interpretation of Quantum Mechanics}},
	Year = {1993}}

@book{Weingartner:2004,
	Date-Added = {2020-03-14 12:06:40 +0000},
	Date-Modified = {2020-03-14 12:07:08 +0000},
	Editor = {Weingartner, P.},
	Publisher = {Springer},
	Title = {{Alternative Logics. Do Sciences Need Them?}},
	Year = {2004}}

@article{deRonde:2016,
	Author = {de Ronde, C. and Domenech, G. and Freytes, H.},
	Date-Added = {2020-03-14 12:06:28 +0000},
	Date-Modified = {2021-03-09 13:58:24 +0000},
	Journal = {{The Internet Encyclopedia of Philosophy}},
	Title = {{Quantum Logic in Historical and Philosophical Perspective}},
	Year = {2016}}

@incollection{Beltrametti:2004,
	Author = {Beltrametti, E. G.},
	Booktitle = {{Alternative Logics. Do Sciences Need Them?}},
	Date-Added = {2020-03-14 10:55:27 +0000},
	Date-Modified = {2020-03-14 10:58:36 +0000},
	Editor = {Weingartner, P.},
	Pages = {339-348},
	Publisher = {Springer},
	Title = {{Quantum Logic and Quantum Probability}},
	Year = {2004}}

@article{Bell:1982aa,
	Author = {Bell, John Stewart},
	Date-Added = {2020-03-11 10:13:04 +0000},
	Date-Modified = {2020-03-11 10:14:22 +0000},
	Journal = {Foundations of Physics},
	Pages = {989-999},
	Title = {{On the impossible pilot-wave}},
	Volume = {12},
	Year = {1982}}

@article{Rovelli:1996,
	Author = {Rovelli, Carlo},
	Date-Added = {2020-03-06 18:11:55 +0000},
	Date-Modified = {2020-03-06 18:13:00 +0000},
	Journal = {{International Journal of Theoretical Physics}},
	Pages = {1637-1678},
	Title = {{Relational quantum mechanics}},
	Volume = {35},
	Year = {1996}}

@book{Reichenbach:1944,
	Author = {Reichenbach, H.},
	Date-Added = {2020-03-06 09:25:09 +0000},
	Date-Modified = {2020-03-06 09:25:54 +0000},
	Publisher = {University of California Press},
	Title = {{Philosophic Foundations of Quantum Mechanics}},
	Year = {1944}}

@article{Mackey:1957,
	Author = {Mackey, G. W.},
	Date-Added = {2020-03-06 09:22:48 +0000},
	Date-Modified = {2020-03-06 09:24:00 +0000},
	Journal = {{The American Mathematical Monthly}},
	Number = {8},
	Pages = {45-57},
	Title = {{Quantum Mechanics and Hilbert Space}},
	Volume = {64},
	Year = {1957}}

@incollection{Kochen:1965,
	Author = {Kochen, S. and Specker, P.},
	Booktitle = {{Symposium on the Theory of Models: Proceedings of the 1963 International Symposium on the Theory of Models}},
	Date-Added = {2020-03-06 09:17:26 +0000},
	Date-Modified = {2020-03-13 10:12:28 +0000},
	Editor = {Addison, J.W. and Henkin, L. and Tarski, A.},
	Pages = {177-189},
	Publisher = {North-Holland},
	Title = {{Logical Structures Arising in Quantum Theory}},
	Year = {1965}}

@article{Jauch:1969,
	Author = {Jauch, J.M. and Piron, C.},
	Date-Added = {2020-03-06 09:15:12 +0000},
	Date-Modified = {2020-03-06 09:16:56 +0000},
	Journal = {Helvetica Physica Acta},
	Number = {6},
	Pages = {842-848},
	Title = {{On the Structure of Quantal Propositional Systems}},
	Volume = {42},
	Year = {1969}}

@book{Jammer:1974,
	Author = {Jammer, M.},
	Date-Added = {2020-03-06 08:48:57 +0000},
	Date-Modified = {2020-03-06 08:49:55 +0000},
	Publisher = {John Wiley and Sons},
	Title = {{The Philosophy of Quantum Mechanics: The Interpretations of QM in Historical Perspective}},
	Year = {1974}}

@article{Finkelstein:1963,
	Author = {Finkelstein, D.},
	Date-Added = {2020-03-03 11:09:34 +0000},
	Date-Modified = {2020-03-03 11:10:45 +0000},
	Journal = {{Transactions of the New York Academy of Sciences}},
	Number = {621-637},
	Title = {{The Logic of Quantum Physics}},
	Volume = {25},
	Year = {1963}}

@incollection{Dummett:1976,
	Author = {Dummett, M.},
	Booktitle = {{Contemporary British Philosophy}},
	Date-Added = {2020-03-03 11:02:01 +0000},
	Date-Modified = {2020-03-03 11:05:56 +0000},
	Editor = {Lewis, D.},
	Pages = {45-68},
	Publisher = {George Allen and Unwin},
	Title = {{Is Logic Empirical?}},
	Year = {1976}}

@article{Hallett:1982,
	Author = {Bell, J. and Hallett, M.},
	Date-Added = {2020-03-03 11:00:19 +0000},
	Date-Modified = {2020-03-03 11:01:23 +0000},
	Journal = {Philosophy of Science},
	Number = {3},
	Pages = {355-379},
	Title = {{Logic, Quantum Logic and Empiricism}},
	Volume = {49},
	Year = {1982}}

@article{Quine:1951,
	Author = {Quine, Willard Van Orman},
	Date-Added = {2020-03-03 10:45:45 +0000},
	Date-Modified = {2020-03-03 10:46:35 +0000},
	Journal = {The Philosophical Review},
	Number = {1},
	Pages = {20-43},
	Title = {{Two Dogmas of Empiricism}},
	Volume = {60},
	Year = {1951}}

@incollection{Putnam:1968,
	Author = {Putnam, Hilary},
	Booktitle = {{Boston Studies in the Philosophy of Science}},
	Date-Added = {2020-03-03 10:39:28 +0000},
	Date-Modified = {2020-03-10 10:30:05 +0000},
	Editor = {Cohen, R. S. and Wartofsky, M. W.},
	Pages = {216-241},
	Publisher = {Dordrecht: D. Reidel},
	Title = {{Is Logic Empirical?}},
	Volume = {5},
	Year = {1968}}

@book{Engesser:2009,
	Date-Added = {2020-02-19 13:30:34 +0000},
	Date-Modified = {2020-02-19 13:31:35 +0000},
	Editor = {Engesser, K. and Gabbay, D.M. and Lehmann, D.},
	Publisher = {Elsevier},
	Title = {{Handbook of Quantum Logic and Quantum Structures}},
	Year = {2009}}

@book{DallaChiara:2004,
	Author = {Dalla Chiara, M.L.D. and Giuntini, R. and Greechie, R.},
	Date-Added = {2020-02-19 13:28:05 +0000},
	Date-Modified = {2020-02-19 13:34:39 +0000},
	Publisher = {Springer},
	Series = {Trends in Logic},
	Title = {{Reasoning in Quantum Theory. Sharp and Unsharp Quantum Logics}},
	Volume = {22},
	Year = {2004}}

@book{David:2015,
	Author = {David, F.},
	Date-Added = {2020-02-19 10:30:24 +0000},
	Date-Modified = {2020-02-19 10:31:03 +0000},
	Publisher = {Springer},
	Title = {{The Formalisms of Quantum Mechanics}},
	Year = {2015}}

@incollection{Giuntini:2002,
	Author = {Dalla Chiara, M.L.D. and Giuntini, R.},
	Booktitle = {{Handbook of Philosophical Logic}},
	Date-Added = {2020-02-17 19:40:58 +0000},
	Date-Modified = {2020-03-04 11:13:22 +0000},
	Edition = {2nd},
	Editor = {Gabbay, D.M. and Guenthner, F.},
	Pages = {129-228},
	Publisher = {Springer},
	Title = {{Quantum Logics}},
	Volume = {6},
	Year = {2002}}

@incollection{Bub:2007,
	Author = {Bub, J.},
	Booktitle = {{Philosophy of Physics}},
	Date-Added = {2020-02-17 19:25:31 +0000},
	Date-Modified = {2020-02-17 19:29:23 +0000},
	Editor = {Butterfiled, J. and Earman, John},
	Pages = {555-660},
	Publisher = {Elsevier},
	Title = {{Quantum Information and Computing}},
	Year = {2007}}

@article{vonNeumann:1936,
	Author = {Birkhoff, G. and von Neumann, J.},
	Date-Added = {2020-02-17 10:56:44 +0000},
	Date-Modified = {2020-02-17 10:58:09 +0000},
	Journal = {Annals of Mathematics},
	Number = {4},
	Pages = {823-843},
	Title = {{The Logic of Quantum Mechanics}},
	Volume = {37},
	Year = {1936}}

@article{Goldstein:2012,
	Author = {Goldstein, S. and Tumulka, R. and Zangh{\`\i}, N.},
	Date-Added = {2020-02-13 15:11:13 +0000},
	Date-Modified = {2020-02-19 09:35:05 +0000},
	Journal = {Journal of Statistical Physics},
	Pages = {142-201},
	Title = {{The Quantum Formalism and the GRW Formalism}},
	Volume = {149},
	Year = {2012}}

@incollection{Allori:2013ab,
	Author = {Allori, Valia},
	Booktitle = {{The Wave-Function. Essays on the Metaphysics of Quantum Mechanics}},
	Date-Added = {2020-02-13 10:28:04 +0000},
	Date-Modified = {2020-02-13 10:29:25 +0000},
	Editor = {Albert, David Z. and Ney, A.},
	Publisher = {Oxford University Press},
	Title = {{Primitive Ontology and the Structures of Fundamental Physical Theories}},
	Year = {2013}}

@article{Romano:2018,
	Author = {Hubert, Mario and Romano, D.},
	Date-Added = {2020-02-13 10:08:03 +0000},
	Date-Modified = {2020-02-13 10:09:30 +0000},
	Journal = {European Journal for Philosophy of Science},
	Number = {3},
	Pages = {521-537},
	Title = {{The wave-function as a multi-field}},
	Volume = {8},
	Year = {2018}}

@book{Bowman:2008,
	Author = {Bowman, G.E.},
	Date-Added = {2020-02-03 21:11:41 +0000},
	Date-Modified = {2020-02-03 21:13:00 +0000},
	Publisher = {Oxford University Press},
	Title = {{Essential Quantum Mechanics}},
	Year = {2008}}

@incollection{Zanghi:2019,
	Author = {Zangh{\`\i}, N.},
	Booktitle = {Quantum Worlds. Perspectives on the Ontology of Quantum Mechanics},
	Date-Added = {2020-02-01 11:04:16 +0000},
	Date-Modified = {2020-02-01 11:08:12 +0000},
	Editor = {Lombardi, O. and Forstin, S. and L{\'o}pez, C. and Holik, F.},
	Pages = {71-92},
	Publisher = {Cambridge University Press},
	Title = {{Quantum Physics Grounded on Bohmian Mechanics}},
	Year = {2019}}

@book{Jaeger:2009,
	Author = {Jaeger, G.},
	Date-Added = {2020-01-28 15:14:10 +0000},
	Date-Modified = {2020-01-28 15:17:30 +0000},
	Publisher = {Springer},
	Title = {{Entanglement, Information and the Interpretation of Quantum Mechanics}},
	Year = {2009}}

@book{Ghirardi:1997,
	Author = {Ghirardi, Gian Carlo},
	Date-Added = {2020-01-22 14:40:18 +0000},
	Date-Modified = {2020-01-22 14:40:56 +0000},
	Publisher = {Il Saggiatore},
	Title = {{Un'occhiata alle carte di Dio}},
	Year = {1997}}

@article{Ghirardi:2016,
	Author = {Ghirardi, Gian Carlo},
	Date-Added = {2020-01-22 14:39:32 +0000},
	Date-Modified = {2020-01-22 14:40:14 +0000},
	Journal = {Stanford Encyclopedia of Philosophy},
	Title = {{Collapse Theories}},
	Year = {2016}}

@article{Bassi:2003,
	Author = {Bassi, A. and Ghirardi, Gian Carlo},
	Date-Added = {2020-01-22 14:38:03 +0000},
	Date-Modified = {2020-01-22 14:39:16 +0000},
	Journal = {Physics Reports},
	Pages = {257-426},
	Title = {{Dynamical Reduction Models}},
	Volume = {379},
	Year = {2003}}

@article{Lazarovici:2018,
	Author = {Lazarovici, Dustin and Oldofredi, A. and Esfeld, M.},
	Date-Added = {2020-01-22 12:03:13 +0000},
	Date-Modified = {2020-01-22 12:05:42 +0000},
	Journal = {Entropy},
	Number = {5},
	Title = {{Observables and Unobservables in Quantum Mechanics: How the No-Hidden-Variables Theorems Support the Bohmian Particle Ontology}},
	Volume = {20},
	Year = {2018}}

@incollection{Bacciagaluppi:2009,
	Author = {Bacciagaluppi, G.},
	Booktitle = {{Handbook of Quantum Logic and Quantum Structures}},
	Date-Added = {2020-01-22 10:45:01 +0000},
	Date-Modified = {2020-01-22 10:48:07 +0000},
	Editor = {Engesser, K. and Gabbay, D.M. and Lehmann, D.},
	Pages = {49-78},
	Publisher = {Elsevier},
	Title = {{Is Logic Empirical?}},
	Year = {2009}}

@article{Bricmont:2018,
	Author = {Bricmont, Jean},
	Date-Added = {2020-01-22 10:04:59 +0000},
	Date-Modified = {2020-01-22 10:07:30 +0000},
	Journal = {Canadian Journal of Physics},
	Number = {4},
	Pages = {379-390},
	Title = {{The de Broglie-Bohm theor as a rational completion of quantum mechanics}},
	Volume = {96},
	Year = {2018}}

@incollection{Passon:2018,
	Author = {Passon, O.},
	Booktitle = {{The Philosophy of Quantum Physics}},
	Date-Added = {2020-01-21 10:32:25 +0000},
	Date-Modified = {2020-01-21 10:39:43 +0000},
	Editor = {Friebe, C. and Kuhlmann, M. and Lyre, H. and N\"ager, P.M. and Passon, O. and St\"ockler, M.},
	Publisher = {Springer},
	Title = {{No-Collapse Interpretations of Quantum Theory}},
	Year = {2018}}

@book{Bricmont:2016aa,
	Author = {Bricmont, Jean},
	Date-Added = {2020-01-21 10:31:43 +0000},
	Date-Modified = {2020-01-21 10:32:19 +0000},
	Publisher = {Springer},
	Title = {Making Sense of Quantum Mechanics},
	Year = {2016}}

@article{Oldofredi:2017aa,
	Author = {A. Oldofredi},
	Date-Added = {2017-03-01 14:25:06 +0000},
	Date-Modified = {2017-03-01 14:26:21 +0000},
	Journal = {Foundations of Physics},
	Title = {Particles creation and annihilation: the Primitive Ontology approach in Quantum Field Theory},
	Volume = {(Under review)},
	Year = {2017}}

@book{Hughes:1996aa,
	Author = {G. H. Hughes and M. J. Creswell},
	Date-Added = {2017-02-22 11:54:53 +0000},
	Date-Modified = {2017-02-22 11:56:32 +0000},
	Publisher = {Routledge London},
	Title = {A New Introduction to Modal Logic},
	Year = {1996}}

@article{Orlov:1928aa,
	Author = {I. Orlov},
	Date-Added = {2017-02-18 14:54:52 +0000},
	Date-Modified = {2017-02-18 14:56:35 +0000},
	Journal = {Matematicheskii Sbornik},
	Pages = {263-86},
	Title = {The Logic of Compatibility of Propositions},
	Volume = {35},
	Year = {1928}}

@book{Wilkes:1988aa,
	Author = {K. Wilkes},
	Date-Added = {2017-02-18 11:34:04 +0000},
	Date-Modified = {2017-02-18 11:36:02 +0000},
	Publisher = {Oxford University Press},
	Title = {Real People: Personal Identity without Thought Experiments},
	Year = {1988}}

@book{Parfit:1984aa,
	Author = {D. Parfit},
	Date-Added = {2017-02-18 10:42:28 +0000},
	Date-Modified = {2017-02-18 10:43:16 +0000},
	Publisher = {Claredon Press Oxford},
	Title = {Reasons and Persons},
	Year = {1984}}

@article{Williams:1970aa,
	Author = {B. Williams},
	Date-Added = {2017-02-18 10:39:24 +0000},
	Date-Modified = {2017-02-18 10:40:37 +0000},
	Journal = {The Psychological Review},
	Pages = {161-80},
	Title = {The Self and the Future},
	Volume = {79},
	Year = {1970}}

@book{Sorensen:1992aa,
	Author = {R. Sorensen},
	Date-Added = {2017-02-18 10:30:14 +0000},
	Date-Modified = {2017-02-18 10:33:02 +0000},
	Publisher = {Oxford University Press},
	Title = {Thought Experiments},
	Year = {1992}}

@article{Parfit:1971aa,
	Author = {D. Parfit},
	Date-Added = {2017-02-18 10:24:32 +0000},
	Date-Modified = {2017-02-18 10:26:04 +0000},
	Journal = {Philosophical Review},
	Pages = {3-27},
	Title = {Personal Identity},
	Volume = {80},
	Year = {1971}}

@book{Anderson:1992aa,
	Author = {A. R. Anderson and N. D. Benalp and J. M. Dunn},
	Date-Added = {2017-02-14 15:24:42 +0000},
	Date-Modified = {2017-02-20 14:02:21 +0000},
	Publisher = {Princeton University Press},
	Title = {Entailment: The Logic of Relevance and Necessity. Vol. II},
	Year = {1992}}

@book{Anderson:1975aa,
	Author = {A. R. Anderson and N. D. Benalp},
	Date-Added = {2017-02-14 15:22:46 +0000},
	Date-Modified = {2017-02-20 14:02:03 +0000},
	Publisher = {Princeton University Press},
	Title = {Entailment: The Logic of Relevance and Necessity. Vol. I},
	Year = {1975}}

@book{Lowe:2001aa,
	Author = {E. J. Lowe},
	Date-Added = {2017-02-13 16:33:37 +0000},
	Date-Modified = {2017-02-13 16:34:54 +0000},
	Publisher = {Claredon Press Oxford},
	Title = {The Possibility of Metaphysics},
	Year = {2001}}

@article{Putnam:1973aa,
	Author = {H. Putnam},
	Date-Added = {2017-02-13 15:29:56 +0000},
	Date-Modified = {2017-02-13 15:35:10 +0000},
	Journal = {Journal of Philosophy},
	Number = {19},
	Pages = {699-711},
	Title = {Meaning and Reference},
	Volume = {70},
	Year = {1973}}

@article{Hogan:2000aa,
	Author = {C. J. Hogan},
	Date-Added = {2017-02-13 14:26:50 +0000},
	Date-Modified = {2017-02-13 14:28:04 +0000},
	Journal = {Reviews of Modern Physics},
	Pages = {1149-1161},
	Title = {Why the universe is just so},
	Volume = {72},
	Year = {2000}}

@book{Ward:2000aa,
	Author = {P. Ward and D. Brownlee},
	Date-Added = {2017-02-13 14:10:54 +0000},
	Date-Modified = {2017-02-13 14:12:24 +0000},
	Publisher = {New York: Copernicus Books},
	Title = {Rare Earth},
	Year = {2000}}

@incollection{Landsman:2016aa,
	Author = {K. Landsman},
	Booktitle = {The Challenge of Chance},
	Date-Added = {2017-02-13 13:38:33 +0000},
	Date-Modified = {2017-02-13 13:40:44 +0000},
	Editor = {K. Landsman and E. van Wolde},
	Publisher = {Springer},
	Title = {The Fine-Tuning Argument},
	Year = {2016}}

@article{Koperski:2005aa,
	Author = {J. Koperski},
	Date-Added = {2017-02-13 13:37:17 +0000},
	Date-Modified = {2017-02-13 13:38:28 +0000},
	Journal = {The British Journal for the Philosophy of Science},
	Pages = {303-319},
	Title = {Should we care about fine-tuning?},
	Volume = {56},
	Year = {2005}}

@article{Davidson:1987aa,
	Author = {D. Davidson},
	Date-Added = {2017-02-13 12:07:37 +0000},
	Date-Modified = {2017-02-13 12:09:38 +0000},
	Journal = {Proceedings and Addresses of the American Philosophical Association},
	Number = {3},
	Pages = {441-458},
	Title = {Knowing One's Own Mind},
	Volume = {60},
	Year = {1987}}

@article{Shoemaker:1969aa,
	Author = {S. Shoemaker},
	Date-Added = {2017-02-13 12:00:55 +0000},
	Date-Modified = {2017-02-13 12:01:52 +0000},
	Journal = {Journal of Philosophy},
	Pages = {363-381},
	Title = {Time without change},
	Volume = {66},
	Year = {1969}}

@article{Norton:2004aa,
	Author = {J. Norton},
	Date-Added = {2017-02-13 11:37:15 +0000},
	Date-Modified = {2017-02-13 11:45:12 +0000},
	Journal = {Philosophy of Science},
	Number = {Proceedings of the 2002 Biennial Meeting of the Philosophy of Science Association},
	Pages = {1139-1151},
	Title = {On Thought Experiments: Is There More to the Argument?},
	Volume = {71},
	Year = {2004}}

@book{Kripke:1980aa,
	Author = {Saul Kripke},
	Date-Added = {2017-02-13 10:42:35 +0000},
	Date-Modified = {2017-02-13 10:49:21 +0000},
	Publisher = {Harvard University Press},
	Title = {Naming and Necessity},
	Year = {1980}}

@incollection{Barrett2002,
	Author = {J. Barrett},
	Booktitle = {Ontological Aspects of Quantum Field Theory,},
	Date-Added = {2016-10-07 16:51:29 +0000},
	Date-Modified = {2016-10-07 16:54:02 +0000},
	Editor = {M. Kuhlmann and H. Lyre and A. Wayne},
	Publisher = {World Scientific, Singapore},
	Title = {The Nature of Measurement Records in Relativistic Quantum Field Theory},
	Year = {2002}}

@article{Barrett:2005ab,
	Author = {J. Barrett},
	Date-Added = {2016-10-04 16:56:01 +0000},
	Date-Modified = {2016-10-04 16:57:07 +0000},
	Journal = {The British Journal for the Philosophy of Science},
	Number = {2},
	Pages = {199-220},
	Title = {The Preferred Basis Problem and the Quantum Mechanics of Everything},
	Volume = {56},
	Year = {2005}}

@article{Barrett:2005aa,
	Author = {J. Barrett},
	Date-Added = {2016-10-04 16:54:31 +0000},
	Date-Modified = {2016-10-04 16:55:53 +0000},
	Journal = {Philosophy of Science},
	Pages = {802-813},
	Title = {Relativistic Quantum Mechanics Through Frame-Dependent Constructions},
	Volume = {72},
	Year = {12005}}

@article{Dasgupta:2008aa,
	Author = {M. Dasgupta},
	Date-Added = {2016-08-11 10:36:21 +0000},
	Date-Modified = {2016-08-11 10:37:01 +0000},
	Journal = {Lectures presented at the RAL School for High Energy Physicists, Someville College, Oxford.},
	Title = {An Introduction to Quantum Field Theory},
	Year = {2008}}

@incollection{Allori:2005aa,
	Author = {V. Allori and N. Zangh{\`\i}},
	Booktitle = {La Natura delle cose},
	Date-Added = {2016-08-11 10:35:10 +0000},
	Date-Modified = {2016-08-11 10:36:14 +0000},
	Publisher = {Carocci},
	Title = {Un viaggio nel mondo quantistico},
	Year = {2005}}

@book{Peskin:1995aa,
	Author = {M. Peskin and D.V. Schroeder},
	Date-Added = {2016-08-11 10:34:17 +0000},
	Date-Modified = {2016-08-11 10:35:01 +0000},
	Publisher = {Perseus Books},
	Title = {An Introduction to Quantum Field Theory},
	Year = {1995}}

@book{Weinberg:1995aa,
	Author = {S. Weinberg},
	Date-Added = {2016-08-11 10:33:13 +0000},
	Date-Modified = {2016-08-11 10:34:08 +0000},
	Publisher = {Cambridge: Cambridge University Press},
	Title = {The Quantum Theory of Fields},
	Volume = {I},
	Year = {1995}}

@article{Jaffe:2005aa,
	Author = {A. Jaffe},
	Date-Added = {2016-08-11 10:32:07 +0000},
	Date-Modified = {2016-08-11 10:33:06 +0000},
	Journal = {Lecture Notes},
	Title = {Introduction to Quantum Field Theory},
	Year = {2005}}

@book{Duncan:2012aa,
	Author = {Anthony Duncan},
	Date-Added = {2016-08-11 10:30:22 +0000},
	Date-Modified = {2016-08-11 10:31:57 +0000},
	Publisher = {Oxford University Press},
	Title = {The Conceptual Framework of Quantum Field Theory},
	Year = {2012}}

@article{Deckert:2015aa,
	Author = {D.A. Deckert and F. Merkl},
	Date-Added = {2016-08-11 10:19:03 +0000},
	Date-Modified = {2016-08-11 10:19:46 +0000},
	Journal = {Communications in Mathematical Physics},
	Pages = {973 - 1017},
	Title = {External Field QED on Cauchy Surfaces for Varying Electromagnetic Fields},
	Volume = {345},
	Year = {2015}}

@article{Deckert:2016aa,
	Author = {D.A. Deckert and M. Esfeld and A. Oldofredi},
	Date-Added = {2016-08-11 10:17:34 +0000},
	Date-Modified = {2016-08-12 10:22:09 +0000},
	Journal = {British Journal for the Philosophy of Science (Forthcoming)},
	Title = {A persistent particle ontology in terms of the Dirac sea},
	Year = {2016}}

@article{Lupher:2008aa,
	Author = {T. Lupher},
	Date-Added = {2016-08-11 10:16:38 +0000},
	Date-Modified = {2016-08-11 10:17:21 +0000},
	Journal = {Humanamente},
	Pages = {155-173},
	Title = {Not Particles, not quite Fields},
	Year = {2008}}

@article{Arageorgis:2003aa,
	Author = {A. Arageorgis and J. Earman and L. Ruetsche},
	Date-Added = {2016-08-11 10:14:58 +0000},
	Date-Modified = {2016-08-11 10:16:28 +0000},
	Journal = {Philosophy of Science},
	Number = {1},
	Pages = {164-202},
	Title = {Fulling Non-Uniqueness and the Unruh Effect: A Primer on Some Aspects of Quantum Field Theory},
	Volume = {70},
	Year = {1993}}

@book{Wald:1994aa,
	Author = {R.M. Wald},
	Date-Added = {2016-08-11 10:13:22 +0000},
	Date-Modified = {2016-08-11 10:14:48 +0000},
	Publisher = {University of Chicago Press},
	Title = {Quantum Field Ttheory in Curved Spacetime and Black Hole Thermodynamics},
	Year = {1994}}

@book{Thaller:1992aa,
	Author = {B. Thaller},
	Date-Added = {2016-08-11 10:13:10 +0000},
	Date-Modified = {2016-08-11 10:13:58 +0000},
	Publisher = {Springer-Verlag},
	Title = {The Dirac Equation},
	Year = {1992}}

@book{Bohm:1993aa,
	Author = {D. Bohm and B. Hiley},
	Date-Added = {2016-08-11 10:11:57 +0000},
	Date-Modified = {2016-08-11 10:12:45 +0000},
	Publisher = {Routledge},
	Title = {The Undivided Universe: An Ontological Interpretation of Quantum Theory},
	Year = {1993}}

@phdthesis{Rossanese:2014aa,
	Author = {E. Rossanese},
	Date-Added = {2016-08-04 11:35:19 +0000},
	Date-Modified = {2016-08-04 11:36:32 +0000},
	School = {University of Roma Tre},
	Title = {Philosophical Implications of Quantum Field Theory},
	Year = {2014}}

@article{Egg:2017aa,
	Author = {M. Egg and V. Lam and A. Oldofredi},
	Date-Added = {2016-07-29 11:18:10 +0000},
	Date-Modified = {2017-03-01 14:30:23 +0000},
	Journal = {Foundations of Physics},
	Number = {3},
	Pages = {453 - 468},
	Title = {Particles, Cutoffs and Inequivalent Representations: Fraser and Wallace on Quantum Field Theory},
	Volume = {47},
	Year = {2017}}

@article{Egg2012jgps,
	Author = {Matthias Egg},
	Date-Added = {2016-07-28 16:21:24 +0000},
	Date-Modified = {2016-07-28 16:22:18 +0000},
	Journal = {Journal for General Philosophy of Science},
	Pages = {259-280},
	Title = {Causal Warrant for Realism about Particle Physics},
	Volume = {43},
	Year = {2012}}

@book{Egg2014,
	Author = {Matthias Egg},
	Date-Added = {2016-07-28 16:20:14 +0000},
	Date-Modified = {2016-07-28 16:21:14 +0000},
	Publisher = {De Gruyter},
	Title = {Scientific Realism in Particle Physics: A Causal Approach},
	Year = {2014}}

@unpublished{Seevinck2010,
	Author = {Michael P. Seevinck},
	Date-Added = {2016-07-28 16:19:11 +0000},
	Date-Modified = {2016-07-28 16:20:03 +0000},
	Note = {Can quantum theory and special relativity peacefully coexist?},
	Title = {Can quantum theory and special relativity peacefully coexist?},
	Year = {2010}}

@article{Goldstein2011,
	Author = {Sheldon Goldstein and Travis Norsen and Daniel Victor Tausk and Nino Zangh\`i},
	Date-Added = {2016-07-28 16:18:23 +0000},
	Date-Modified = {2016-07-28 16:18:59 +0000},
	Journal = {Scholarpedia},
	Number = {10},
	Pages = {8378},
	Title = {Bell's theorem},
	Volume = {6},
	Year = {2011}}

@article{Allori2015,
	Author = {Valia Allori},
	Date-Added = {2016-07-28 16:14:34 +0000},
	Date-Modified = {2016-07-28 16:15:29 +0000},
	Journal = {International Journal of Quantum Foundations},
	Pages = {107-122},
	Title = {Primitive Ontology in a nutshell},
	Volume = {1},
	Year = {2015}}

@article{Kuhlmann2010,
	Author = {Meinard Kuhlmann},
	Date-Added = {2016-07-28 16:12:06 +0000},
	Date-Modified = {2016-07-28 16:13:06 +0000},
	Journal = {Foundations of Physics},
	Pages = {1625-1637},
	Title = {Why Conceptual Rigour Matters to Philosophy: on the Ontological Significance of Algebraic Quantum Field Theory},
	Volume = {40},
	Year = {2010}}

@article{Fraser2011,
	Author = {Doreen Fraser},
	Date-Added = {2016-07-28 16:07:37 +0000},
	Date-Modified = {2016-07-28 16:08:22 +0000},
	Journal = {Studies in History and Philosophy of Modern Physics},
	Pages = {126-135},
	Title = {How to take particle physics seriously: A further defence of axiomatic quantum field theory},
	Volume = {42},
	Year = {2011}}

@article{Fraser2009,
	Author = {Doreen Fraser},
	Date-Added = {2016-07-28 16:06:48 +0000},
	Date-Modified = {2016-07-28 16:07:29 +0000},
	Journal = {Philosophy of Science},
	Pages = {536-567},
	Title = {Quantum Field Theory: Underdetermination, Inconsistency, and Idealization},
	Year = {2011}}

@article{Wallace2010,
	Author = {David Wallace},
	Date-Added = {2016-07-28 16:05:48 +0000},
	Date-Modified = {2016-07-28 16:06:33 +0000},
	Journal = {British Journal for the Philosophy of Science},
	Pages = {697-727},
	Title = {Quantum Mechanics on Spacetime {I}: Spacetime State Realism},
	Volume = {61},
	Year = {2010}}

@article{Wallace2011,
	Author = {David Wallace},
	Date-Added = {2016-07-28 16:04:30 +0000},
	Date-Modified = {2016-07-28 16:05:34 +0000},
	Journal = {Studies in History and Philosophy of Modern Physics},
	Pages = {116-125},
	Title = {Taking particle physics seriously: A critique of the algebraic approach to quantum field theory},
	Volume = {42},
	Year = {2011}}

@article{Blum:2016aa,
	Author = {Blum, A.},
	Date-Added = {2016-07-11 15:05:57 +0000},
	Date-Modified = {2016-07-11 15:07:27 +0000},
	Journal = {In preparation},
	Title = {The state is not abolished, it withers away: how Quantum Field Theory became a theory of scattering},
	Year = {2016}}

@article{Suppes:1993aa,
	Author = {Suppes, P.},
	Date-Added = {2016-07-06 15:21:35 +0000},
	Date-Modified = {2016-07-06 15:23:37 +0000},
	Journal = {Midwest Studies in Philosophy},
	Pages = {242-257},
	Title = {The Transcendental character of Determinism},
	Volume = {18},
	Year = {1993}}

@incollection{Laudisa:2005aa,
	Author = {Laudisa, F.},
	Booktitle = {La Natura delle cose},
	Date-Added = {2016-07-06 14:48:05 +0000},
	Date-Modified = {2016-07-06 14:48:59 +0000},
	Publisher = {Carocci},
	Title = {La Causalit{\`a} in Fisica},
	Year = {2005}}

@article{Durr:2003aa,
	Author = {D{\"u}rr, D. and Goldstein, S. and Tumulka, R. and Zangh{\`\i}, N.},
	Date-Added = {2016-07-04 17:29:07 +0000},
	Date-Modified = {2016-07-04 17:32:36 +0000},
	Journal = {Journal of Physics A: Mathematical and General},
	Pages = {4143-4149},
	Title = {Trajectories and Particle Creation and Annihilation in Quantum Field Theory},
	Volume = {36},
	Year = {2003}}

@article{Colin:2003ab,
	Author = {Colin, S.},
	Date-Added = {2016-06-21 11:45:16 +0000},
	Date-Modified = {2016-06-21 11:52:56 +0000},
	Journal = {Annales de la Fondation Louis de Broglie, Manuscrit},
	Pages = {1 - 23},
	Title = {Beables for Quantum Electrodynamics},
	Year = {2003}}

@article{Colin:2003aa,
	Author = {Colin, S.},
	Date-Added = {2016-06-21 11:44:55 +0000},
	Date-Modified = {2016-06-21 11:49:27 +0000},
	Journal = {Physics Letters A},
	Number = {5-6},
	Pages = {349-358},
	Title = {A deterrministic Bell model},
	Volume = {317},
	Year = {2003}}

@article{Durr:2004aa,
	Author = {D{\"u}rr, D. and Goldstein, S. and Tumulka, R. and Zangh{\`\i}, N.},
	Date-Added = {2016-06-21 11:07:08 +0000},
	Date-Modified = {2016-06-21 11:08:53 +0000},
	Journal = {Physical Review Letters},
	Pages = {090402},
	Title = {Bohmian Mechanics and Quantum Field Theory},
	Volume = {93},
	Year = {2004}}

@article{Passon:2006aa,
	Author = {Passon, O.},
	Date-Added = {2016-06-21 11:02:55 +0000},
	Date-Modified = {2016-06-21 11:04:19 +0000},
	Journal = {http://arxiv.org/abs/quant-ph/0611032},
	Pages = {1 - 25},
	Title = {What you always wanted to know about Bohmian mechanics but were afraid to ask},
	Year = {2006}}

@article{Lam:2015aa,
	Author = {Lam, V.},
	Date-Added = {2016-06-21 10:53:18 +0000},
	Date-Modified = {2016-06-21 10:54:13 +0000},
	Journal = {European Journal for Philosophy of Science},
	Pages = {387-397},
	Title = {Primitive Ontology and Quantum Field Theory},
	Volume = {5},
	Year = {2015}}

@incollection{Esfeld:2016aa,
	Author = {Esfeld, M. and Deckert, D.-A. and Oldofredi, A.},
	Booktitle = {A guide to the philosophy of cosmology},
	Date-Added = {2016-06-19 15:21:01 +0000},
	Date-Modified = {2016-06-19 15:23:00 +0000},
	Editor = {Ijjas A. and Loewer, B.},
	Publisher = {Oxford University Press},
	Title = {What is matter? The fundamental Ontology of Atomism and Structural Realism},
	Year = {2016}}

@book{Oriols:2012aa,
	Date-Added = {2016-06-17 09:23:35 +0000},
	Date-Modified = {2016-06-17 09:39:36 +0000},
	Editor = {X. Oriols and J. Mompart},
	Publisher = {Pan Stanford Publishing},
	Title = {Applied Bohmian Mechanics. From Nanoscale Systems to Cosmology.},
	Year = {2012}}

@book{Falkenburg:2007aa,
	Author = {Falkenburg, B.},
	Date-Added = {2016-06-15 09:10:10 +0000},
	Date-Modified = {2016-06-15 09:14:37 +0000},
	Publisher = {Springer-Verlag Berlin Heidelberg},
	Title = {Particle Metaphysics. A Critical Account of Subatomic Reality},
	Year = {2007}}

@article{Oldofredi:2016aa,
	Author = {Oldofredi, A. and Lazarovici, D. and Deckert, D.-A. and Esfeld, M.},
	Date-Added = {2016-06-14 14:07:30 +0000},
	Date-Modified = {2016-06-14 14:10:51 +0000},
	Journal = {Fluctuations and Noise Letters},
	Number = {Special issue: Quantum and classical frontiers of noise},
	Title = {From the universe to subsystems: Why quantum mechanics appears more stochastic than classical mechanics},
	Volume = {Forthcoming},
	Year = {2016}}

@article{Nelson:1966aa,
	Author = {Nelson, Edward},
	Date-Added = {2016-06-14 13:30:46 +0000},
	Date-Modified = {2016-06-14 13:32:47 +0000},
	Journal = {Physical Review},
	Number = {4},
	Pages = {1079 - 1085},
	Title = {Derivation of the Schr{\"o}dinger Equation from Newtonian Mechanics},
	Volume = {150},
	Year = {1966}}

@article{Einstein:1936aa,
	Author = {Einstein, Albert},
	Date-Added = {2016-06-14 11:10:21 +0000},
	Date-Modified = {2016-06-14 11:11:48 +0000},
	Journal = {Journal of the Franklin Institute},
	Pages = {349 - 382},
	Title = {Physics and Reality},
	Volume = {221},
	Year = {1936}}

@article{Gisin:2014aa,
	Author = {Esfeld, Michael and Gisin, Nicolas},
	Date-Added = {2016-06-14 08:59:05 +0000},
	Date-Modified = {2016-06-14 09:01:51 +0000},
	Journal = {Philosophy of Science},
	Pages = {248--264},
	Title = {The GRW flash theory: a relativistic quantum ontology of matter in space-time?},
	Volume = {81},
	Year = {2014}}

@book{Maudlin:1994aa,
	Author = {Maudlin, Tim},
	Date-Added = {2016-06-14 08:58:08 +0000},
	Date-Modified = {2016-06-14 08:58:52 +0000},
	Publisher = {Oxford: Oxford University Press},
	Title = {Quantum Non-Locality and Relativity},
	Year = {1994}}

@article{Putnam:1977,
	Author = {Putnam, Hilary},
	Date-Added = {2016-06-10 13:41:30 +0000},
	Date-Modified = {2016-06-10 13:42:40 +0000},
	Journal = {Proceedings and Addresses of the American Philosophical Association},
	Number = {6},
	Pages = {483 - 498},
	Title = {Realism and Reason},
	Volume = {50},
	Year = {1977}}

@article{Carnap:1950,
	Author = {Carnap, Rudolf},
	Date-Added = {2016-06-10 13:38:35 +0000},
	Date-Modified = {2016-06-10 13:40:31 +0000},
	Journal = {Revue Internationale de Philosophie},
	Pages = {20 - 40},
	Title = {Empiricism, Semantics, and Ontology},
	Volume = {4},
	Year = {1950}}

@incollection{Bell:1981,
	Author = {Bell, John Stewart},
	Booktitle = {Quantum Gravity 2},
	Date-Added = {2016-06-10 11:58:49 +0000},
	Date-Modified = {2016-06-10 12:00:54 +0000},
	Editor = {Isham C. and Penrose R. and Sicama D.},
	Pages = {611 - 637},
	Publisher = {Oxford University Press},
	Title = {Quantum mechanics for cosmologists},
	Year = {1981}}

@article{Bohm:1952ab,
	Author = {Bohm, David},
	Date-Added = {2016-06-08 14:11:49 +0000},
	Date-Modified = {2016-06-08 14:13:54 +0000},
	Journal = {Physical Review},
	Number = {2},
	Pages = {180-193},
	Title = {A suggested interpretation of the quantum theory in terms of ``hidden'' variables. II},
	Volume = {85},
	Year = {1952}}

@article{Bohm:1953aa,
	Author = {D. Bohm},
	Date-Added = {2016-06-08 14:08:06 +0000},
	Date-Modified = {2016-06-08 14:09:25 +0000},
	Journal = {Progress of Theoretical Physics},
	Number = {3},
	Pages = {273 - 287},
	Title = {Comments on an Article of Takabayasi concerning the Formulation of Quantum Mechanics with Classical Pictures},
	Volume = {9},
	Year = {1953}}

@book{Sakurai1994,
	Author = {J. J. Sakurai},
	Date-Added = {2016-04-19 11:31:51 +0000},
	Date-Modified = {2016-04-19 11:32:15 +0000},
	Publisher = {Addison-Wesley Publishing Company},
	Title = {Modern Quantum Mechanics},
	Year = {1994}}

@book{Griffiths:2014,
	Author = {David J. Griffiths},
	Date-Added = {2016-04-19 11:30:36 +0000},
	Date-Modified = {2016-06-13 10:11:32 +0000},
	Edition = {2nd},
	Publisher = {Pearson Education Limited},
	Title = {Introduction to Quantum Mechanics},
	Year = {2014}}

@book{Albert1992,
	Author = {Albert, David Z.},
	Date-Added = {2016-03-30 09:42:04 +0000},
	Date-Modified = {2016-03-30 09:42:56 +0000},
	Publisher = {Haravrd University Press},
	Title = {Quantum Mechanics and Experience},
	Year = {1992}}

@article{MacKinnon2008,
	Author = {E. MacKinnon},
	Date-Added = {2016-03-30 09:04:06 +0000},
	Date-Modified = {2016-10-07 16:57:59 +0000},
	Journal = {Philosophy of Science},
	Pages = {447 - 457},
	Title = {The standard model as a philosophical challenge},
	Volume = {75},
	Year = {2008}}

@incollection{Daumer1994,
	Author = {Daumer, Martin and D{\"u}rr, Detlef and Goldstein, Sheldon and Zangh{\`\i}, Nino},
	Booktitle = {On Three levels: The Micro-, Meso-, and Macroscopic Approaches in Physics},
	Date-Added = {2016-03-29 08:24:01 +0000},
	Date-Modified = {2016-03-29 08:34:19 +0000},
	Editor = {Fannes C., et al.},
	Pages = {429-434},
	Publisher = {Plenum, New York},
	Series = {Series B:Physics},
	Title = {Scattering and the Role of Operators in Bohmian Mechanics},
	Year = {1994}}

@article{Daumer1996,
	Author = {Daumer, M. and D{\"u}rr, D. and Goldstein, S. and Zangh{\`\i}, N.},
	Date-Added = {2016-03-18 16:24:05 +0000},
	Date-Modified = {2016-03-18 16:26:27 +0000},
	Journal = {Erkenntnis},
	Pages = {379 - 397},
	Title = {Naive Realism about Operators},
	Volume = {45},
	Year = {1996}}

@article{Durr:2004c,
	Author = {Detlef D{\"u}rr and Sheldon Goldstein and Nino Zangh{\`\i}},
	Date-Added = {2016-03-18 10:54:19 +0000},
	Date-Modified = {2016-03-18 12:00:11 +0000},
	Journal = {Journal of Statistical Physics},
	Pages = {959 - 1055},
	Title = {Quantum Equilibrium and the Role of Operators as Observables in Quantum Theory},
	Volume = {116},
	Year = {2004}}

@article{Tumulka2014,
	Author = {Christian Beck and Andrea Oldofredi and Wayne Myrvold and Roderich Tumulka},
	Date-Added = {2016-03-17 10:06:27 +0000},
	Date-Modified = {2016-03-17 10:32:39 +0000},
	Journal = {Manuscript},
	Title = {Physical meaning of Malament's Theorem on the Position Operators in Relativistic Quantum Theory},
	Year = {2014}}

@article{Kuhlmann2000,
	Author = {Kuhlmann, Meinard},
	Date-Added = {2016-03-15 10:19:23 +0000},
	Date-Modified = {2016-03-15 10:22:11 +0000},
	Journal = {PhD Dissertation, Universit{\"a}t Bremen},
	Title = {In search of an Ontology for Quantum Field Theory},
	Year = {2000}}

@article{Redhead1995,
	Author = {Redhead, M.},
	Date-Added = {2016-03-14 13:02:47 +0000},
	Date-Modified = {2016-03-14 13:03:59 +0000},
	Journal = {Foundations of Physics},
	Number = {1},
	Pages = {123 - 137},
	Title = {More Ado about Nothing},
	Volume = {25},
	Year = {1995}}

@article{Busch1999,
	Author = {Busch, Paul},
	Date-Added = {2016-02-05 15:05:19 +0000},
	Date-Modified = {2016-02-05 15:07:08 +0000},
	Journal = {Journal of Physics A},
	Pages = {6535 - 6546},
	Title = {Unsharp localization and causality in relativistic quantum theory},
	Volume = {32},
	Year = {1999}}

@article{DGNSZ,
	Author = {D{\"u}rr, D. and Goldstein, S. and Norsen, T. and Struyve, W. and Zangh{\`\i}, N.},
	Date-Added = {2016-01-26 10:05:24 +0000},
	Date-Modified = {2016-03-18 12:01:45 +0000},
	Journal = {Proceedings of the Royal Society A},
	Title = {Can Bohmian Mechanics be made relativistic?},
	Volume = {470},
	Year = {2013}}

@article{Gisin2011,
	Author = {Gisin, Nicolas},
	Date-Added = {2016-01-26 09:41:59 +0000},
	Date-Modified = {2016-01-26 09:46:16 +0000},
	Journal = {Physical Review A},
	Pages = {020102(R)},
	Title = {Impossibility of covariant deterministic nonlocal hidden variable extensions of quantum theory},
	Volume = {83},
	Year = {2011}}

@book{Ruetsche2011,
	Author = {Ruetsche, Laura},
	Date-Added = {2016-01-25 15:14:51 +0000},
	Date-Modified = {2016-01-25 15:15:18 +0000},
	Publisher = {Oxford: Oxford University Press},
	Title = {Interpreting quantum theories. The art of the possible},
	Year = {2011}}

@article{Wallace2006,
	Author = {Wallace, David},
	Date-Added = {2016-01-25 15:11:58 +0000},
	Date-Modified = {2016-01-25 15:14:06 +0000},
	Journal = {Synthese},
	Pages = {33-80},
	Title = {In Defence of Naivet\'e: The Conceptual Status of {Lagrangian} Quantum Field Theory},
	Volume = {151},
	Year = {2006}}

@article{Baker2009,
	Author = {Baker, David John},
	Date-Added = {2016-01-25 15:11:10 +0000},
	Date-Modified = {2016-01-25 15:11:53 +0000},
	Journal = {British Journal for the Philosophy of Science},
	Pages = {585-609},
	Title = {Against Field Interpretations of Quantum Field Theory.},
	Volume = {60},
	Year = {2009}}

@article{Fraser2006,
	Author = {Fraser, Doreen},
	Date-Added = {2016-01-25 15:08:49 +0000},
	Date-Modified = {2016-01-25 15:11:07 +0000},
	Journal = {Erkenntnis},
	Pages = {305-344},
	Title = {Haag's theorem and its implications for the foundations of quantum field theory},
	Volume = {64},
	Year = {2006}}

@article{Fraser2008,
	Author = {Fraser, Doreen and Earman, John},
	Date-Added = {2016-01-25 15:06:04 +0000},
	Date-Modified = {2016-06-21 11:00:12 +0000},
	Journal = {Studies in History and Philosophy of Modern Physics},
	Pages = {841-859},
	Title = {The fate of ``particles' in quantum field theories with interactions},
	Volume = {38},
	Year = {2008}}

@book{Teller:1995aa,
	Author = {Teller, Paul},
	Date-Added = {2016-01-25 15:03:46 +0000},
	Date-Modified = {2016-06-18 09:45:12 +0000},
	Publisher = {Princeton University Press},
	Title = {An Interpretative Introduction to Quantum Field Theory},
	Year = {1995}}

@article{Reeh1961,
	Author = {Reeh, H. and Schlieder, S.},
	Date-Added = {2016-01-25 12:21:28 +0000},
	Date-Modified = {2016-01-25 12:31:52 +0000},
	Journal = {Nuovo Cimento},
	Pages = {1051-1068},
	Title = {Bemerkungen zur Unitaraquivalenz von Lorentzinvarianten Feldern},
	Volume = {22},
	Year = {1961}}

@book{Haag1992,
	Author = {Haag, R.},
	Date-Added = {2016-01-25 12:19:47 +0000},
	Date-Modified = {2016-01-25 12:30:55 +0000},
	Publisher = {New York: Springer},
	Title = {Local Quantum Physics},
	Year = {1992}}

@inbook{Malament1996,
	Author = {Malament, D.},
	Chapter = {In defense of dogma: Why there cannot be a relativistic quantum mechanics of (localizable) particles},
	Date-Added = {2016-01-25 12:15:55 +0000},
	Date-Modified = {2016-01-25 12:30:03 +0000},
	Publisher = {Dordrecht: Kluwer},
	Title = {Perspectives on Quantum Reality},
	Year = {1996}}

@article{Hegerfeldt1998b,
	Author = {Hegerfeldt, G.},
	Date-Added = {2016-01-25 12:14:40 +0000},
	Date-Modified = {2016-01-25 12:29:43 +0000},
	Journal = {Annalen der Physik},
	Pages = {716--725},
	Title = {Instantaneous spreading and Einstein causality in quantum theory},
	Volume = {7},
	Year = {1998}}

@inbook{Hegerfeldt1998a,
	Author = {Hegerfeldt, G.},
	Chapter = {Causality, particle localization and positivity of the energy},
	Date-Added = {2016-01-25 12:11:50 +0000},
	Date-Modified = {2016-01-25 12:29:30 +0000},
	Publisher = {New York: Springer},
	Title = {Irreversibility and Causality},
	Year = {1998}}

@article{Halvorson2002,
	Author = {Halvorson, Hans and Clifton, Robert K.},
	Date-Added = {2016-01-25 12:06:01 +0000},
	Date-Modified = {2016-01-25 12:08:19 +0000},
	Journal = {Philosophy of Science},
	Pages = {1-28},
	Title = {No place for particles in relativistic quantum theories?},
	Volume = {69},
	Year = {2002}}

@article{Valentini:2005aa,
	Author = {Valentini, Anthony and Westman, Hans},
	Date-Added = {2015-12-24 10:52:02 +0000},
	Date-Modified = {2015-12-24 11:00:32 +0000},
	Journal = {Proceedings of the Royal Society A},
	Pages = {253-272},
	Title = {Dynamical origin of quantum probabilities},
	Volume = {461},
	Year = {2005}}

@incollection{Bricmont:2001aa,
	Author = {Bricmont, Jean},
	Booktitle = {Chance in physics: foundations and perspectives},
	Date-Added = {2015-12-11 17:02:29 +0000},
	Date-Modified = {2015-12-11 17:02:29 +0000},
	Editor = {Bricmont, Jean and D{\"u}rr, Detlef and Galavotti, Maria Carla and Ghirardi, Gian Carlo and Petruccione, Francesco and Zangh{\`\i}, Nino},
	Pages = {3-21},
	Publisher = {Berlin: Springer},
	Title = {Bayes, {B}oltzmann and {B}ohm: probabilities in Physics},
	Year = {2001}}

@article{Maudlin:2007ab,
	Author = {Maudlin, Tim},
	Date-Added = {2015-12-11 16:52:36 +0000},
	Date-Modified = {2015-12-11 16:52:36 +0000},
	Journal = {Studies in History and Philosophy of Modern Physics},
	Pages = {275-291},
	Title = {What could be objective about probabilities?},
	Volume = {38},
	Year = {2007}}

@article{Callender:2007aa,
	Author = {Callender, Craig},
	Date-Added = {2015-12-11 16:47:50 +0000},
	Date-Modified = {2015-12-11 16:47:50 +0000},
	Journal = {Studies in History and Philosophy of Modern Physics},
	Pages = {351-370},
	Title = {The emergence and interpretation of probability in Bohmian mechanics},
	Volume = {38},
	Year = {2007}}

@book{Poincare:1892aa,
	Author = {Poincar{\'e}, Henri},
	Date-Added = {2015-12-11 11:27:34 +0000},
	Date-Modified = {2015-12-11 11:27:34 +0000},
	Publisher = {Paris: Gauthier-Villars},
	Title = {Les m{\'e}thodes nouvelles de la m{\'e}canique c{\'e}leste},
	Year = {1892}}

@incollection{Zanghi:2005,
	Author = {Nino Zangh{\`\i}},
	Booktitle = {La Natura delle cose},
	Chapter = {2},
	Date-Added = {2015-12-11 10:24:55 +0000},
	Date-Modified = {2015-12-11 10:24:55 +0000},
	Editor = {Allori, Valia and Dorato, Mauro and Laudisa, Federico and Zangh{\`\i}, Nino},
	Publisher = {Roma: Carocci},
	Title = {I fondamenti concettuali dell'approccio statistico in fisica},
	Year = {2005}}

@article{Maudlin:1995ab,
	Author = {Maudlin, Tim},
	Date-Added = {2015-12-11 09:27:10 +0000},
	Date-Modified = {2015-12-11 09:27:10 +0000},
	Journal = {Philosophy of Science},
	Pages = {479-483},
	Title = {Why {B}ohm's theory solves the measurement problem},
	Volume = {62},
	Year = {1995}}

@article{Esfeld:2014ac,
	Author = {Esfeld, Michael},
	Date-Added = {2015-12-11 09:24:35 +0000},
	Date-Modified = {2015-12-11 09:24:35 +0000},
	Journal = {Studies in History and Philosophy of Modern Physics},
	Pages = {99-106},
	Title = {The primitive ontology of quantum physics: guidelines for an assessment of the proposals},
	Volume = {47},
	Year = {2014}}

@article{Maudlin:1995aa,
	Author = {Maudlin, Tim},
	Date-Added = {2015-12-11 09:14:57 +0000},
	Date-Modified = {2015-12-11 09:14:57 +0000},
	Journal = {Topoi},
	Pages = {7-15},
	Title = {Three measurement problems},
	Volume = {14},
	Year = {1995}}

@article{Maudlin:2014aa,
	Author = {Maudlin, Tim},
	Date-Added = {2015-06-29 08:49:20 +0000},
	Date-Modified = {2015-06-29 08:49:20 +0000},
	Journal = {No{\^u}s},
	Number = {4},
	Pages = {794-808},
	Title = {Critical study of David Wallace, The emergent multiverse: quantum theory according to the Everett interpretation, Oxford University Press 2012},
	Volume = {48},
	Year = {2014}}

@article{Monton:2004aa,
	Author = {Monton, Bradley},
	Date-Added = {2015-06-23 13:30:22 +0000},
	Date-Modified = {2015-06-23 13:30:22 +0000},
	Journal = {Studies in History and Philosophy of Science Part B: Studies in History and Philosophy of Modern Physics},
	Number = {3},
	Pages = {407--421},
	Publisher = {Elsevier},
	Title = {The problem of ontology for spontaneous collapse theories},
	Volume = {35},
	Year = {2004}}

@article{Monton:2006aa,
	Author = {Monton, Bradley},
	Date-Added = {2015-06-23 13:30:22 +0000},
	Date-Modified = {2015-06-23 13:30:22 +0000},
	Journal = {Philosophy of science},
	Number = {5},
	Pages = {778-789},
	Title = {Quantum mechanics and 3N-dimensional space},
	Volume = {73},
	Year = {2006}}

@article{Dizadji:2015aa,
	Author = {Dizadji-Bahmani, Foad},
	Date-Added = {2015-06-23 13:26:48 +0000},
	Date-Modified = {2015-06-23 13:27:42 +0000},
	Journal = {British Journal for the Philosophy of Science},
	Pages = {257-283},
	Title = {The probability problem in Everettian quantum mechanics persists},
	Volume = {66},
	Year = {2015}}

@article{Dawid:2014aa,
	Author = {Dawid, Richard and Th{\'e}bault, Karim P. Y.},
	Date-Added = {2015-06-23 13:25:29 +0000},
	Date-Modified = {2015-06-23 13:26:43 +0000},
	Journal = {Studies in History and Philosophy of Modern Physics},
	Pages = {55-61},
	Title = {Against the empirical viability of the Deutsch-Wallace-Everett approach to quantum mechanics},
	Volume = {47},
	Year = {2014}}

@book{Wallace:2012aa,
	Author = {Wallace, David},
	Date-Added = {2015-06-23 12:58:23 +0000},
	Date-Modified = {2020-03-06 18:11:35 +0000},
	Publisher = {Oxford University Press},
	Title = {The emergent multiverse. Quantum theory according to the {E}verett interpretation},
	Year = {2012}}

@article{Maudlin:2015aa,
	Author = {Maudlin, Tim},
	Date-Added = {2015-06-11 18:10:09 +0000},
	Date-Modified = {2015-12-11 09:19:29 +0000},
	Journal = {Topoi},
	Pages = {349-358},
	Title = {The universal and the local in quantum theory},
	Volume = {34},
	Year = {2015}}

@incollection{Loewer:2007aa,
	Author = {Loewer, Barry},
	Booktitle = {Causation, physics, and the constitution of reality. {R}ussell's republic revisited},
	Date-Added = {2015-06-10 11:21:54 +0000},
	Date-Modified = {2015-06-10 11:24:16 +0000},
	Editor = {Price, Huw and Corry, Richard},
	Pages = {293--326},
	Publisher = {Oxford: Oxford University Press},
	Title = {Counterfactuals and the second law},
	Year = {2007}}

@article{Beebee:2002aa,
	Author = {Beebee, Helen and Mele, Al},
	Date-Added = {2015-06-10 10:19:22 +0000},
	Date-Modified = {2015-06-10 10:20:09 +0000},
	Journal = {Mind},
	Pages = {201-223},
	Title = {Humean compatibilism},
	Volume = {111},
	Year = {2002}}

@article{Bhogal:2015aa,
	Author = {Bhogal, Harjit and Perry, Zee R.},
	Date-Added = {2015-06-10 10:17:06 +0000},
	Date-Modified = {2015-06-10 10:18:42 +0000},
	Journal = {No{\^u}s},
	Title = {What the {H}umean should say about entanglement},
	Year = {2015}}

@incollection{Goldstein:2001aa,
	Author = {Goldstein, Sheldon and Teufel, Stefan},
	Booktitle = {Physics meets philosophy at the Planck scale},
	Date-Added = {2015-06-10 05:34:42 +0000},
	Date-Modified = {2015-06-10 05:36:19 +0000},
	Editor = {Callender, Craig and Huggett, Nick},
	Pages = {275-289},
	Publisher = {Cambridge: Cambridge University Press},
	Title = {Quantum spacetime without observers: ontological clarity and the conceptual foundations of quantum gravity},
	Year = {2001}}

@article{Vassallo:2014aa,
	Author = {Vassallo, Antonio and Esfeld, Michael},
	Date-Added = {2015-06-10 05:33:03 +0000},
	Date-Modified = {2015-06-10 08:11:01 +0000},
	Journal = {Foundations of Physics},
	Pages = {1-18},
	Title = {A proposal for a {B}ohmian ontology of quantum gravity},
	Volume = {44},
	Year = {2014}}

@article{Barrett:2014aa,
	Author = {Barrett, Jeffrey A.},
	Date-Added = {2015-06-08 14:05:12 +0000},
	Date-Modified = {2015-06-08 14:05:12 +0000},
	Journal = {Studies in History and Philosophy of Modern Physics},
	Pages = {168--174},
	Title = {Entanglement and disentanglement in relativistic quantum mechanics},
	Volume = {48},
	Year = {2014}}

@article{durr_bell-type_2005,
	Author = {D{\"u}rr, Detlef and Goldstein, Sheldon and Tumulka, Roderich and Zangh{\`\i}, Nino},
	Date-Added = {2015-06-08 13:53:01 +0000},
	Date-Modified = {2015-06-08 13:53:01 +0000},
	Doi = {10.1088/0305-4470/38/4/R01},
	File = {Full Text PDF:/Users/desertfrog/Library/Application Support/Zotero/Profiles/u9p5eqqy.default/zotero/storage/9PES7IBT/D{\"u}rr et al. - 2005 - Bell-type quantum field theories.pdf:application/pdf;Snapshot:/Users/desertfrog/Library/Application Support/Zotero/Profiles/u9p5eqqy.default/zotero/storage/MP6DZS8Z/R01.html:text/html},
	Issn = {0305-4470},
	Journal = {Journal of Physics A: Mathematical and General},
	Language = {en},
	Month = jan,
	Number = {4},
	Pages = {R1--R43},
	Publisher = {IOP Publishing},
	Title = {Bell-type quantum field theories},
	Url = {http://iopscience.iop.org/0305-4470/38/4/R01},
	Urldate = {2015-04-20},
	Volume = {38},
	Year = {2005},
	Bdsk-Url-1 = {http://iopscience.iop.org/0305-4470/38/4/R01},
	Bdsk-Url-2 = {http://dx.doi.org/10.1088/0305-4470/38/4/R01}}

@book{Rovelli:2012aa,
	Author = {Rovelli, Carlo},
	Date-Added = {2015-06-01 13:56:03 +0000},
	Date-Modified = {2015-06-01 13:57:01 +0000},
	Publisher = {Paris: Dunod},
	Title = {Et si le temps n'existait pas? Un peu de science subversive},
	Year = {2012}}

@article{Farr:2012aa,
	Author = {Farr, Matt},
	Date-Added = {2015-06-01 13:46:34 +0000},
	Date-Modified = {2015-06-01 13:48:13 +0000},
	Journal = {Synthese},
	Pages = {85-116},
	Title = {On {A}- and {B}-theoretic elements of branching spacetimes},
	Volume = {188},
	Year = {2012}}

@article{McTaggart:1908aa,
	Author = {McTaggart, J. Ellis},
	Date-Added = {2015-06-01 13:44:39 +0000},
	Date-Modified = {2015-06-01 13:46:31 +0000},
	Journal = {Mind},
	Number = {68},
	Pages = {457-474},
	Title = {The unreality of time},
	Volume = {17},
	Year = {1908}}

@article{Gryb:2015aa,
	Author = {Gryb, Sean and Th{\'e}bault, Karim P. Y.},
	Date-Added = {2015-06-01 12:21:56 +0000},
	Date-Modified = {2015-06-01 12:23:14 +0000},
	Journal = {British Journal for the Philosophy of Science},
	Pages = {DOI 10.1093/bjps/axv009},
	Title = {Time remains},
	Year = {2015}}

@book{Rovelli:2004aa,
	Author = {Rovelli, Carlo},
	Date-Added = {2015-06-01 12:21:03 +0000},
	Date-Modified = {2015-06-01 12:21:42 +0000},
	Publisher = {Cambridge: Cambridge University Press},
	Title = {Quantum gravity},
	Year = {2004}}

@incollection{Barbour:2012aa,
	Author = {Barbour, Julian},
	Booktitle = {Quantum field theory and gravity},
	Date-Added = {2015-05-31 09:24:51 +0000},
	Date-Modified = {2015-05-31 09:30:31 +0000},
	Editor = {Finster, F. and M{\"u}ller, O. and Nardmann, M. and Tolksdorf, J. and Zeidler, E.},
	Pages = {257-297},
	Publisher = {Basel: Birkh{\"a}user},
	Title = {Shape dynamics. {A}n introduction},
	Year = {2012}}

@article{Barbour:1982ab,
	Author = {Barbour, Julian},
	Date-Added = {2015-05-30 09:41:26 +0000},
	Date-Modified = {2015-05-30 09:42:29 +0000},
	Journal = {British Journal for the Philosophy of Science},
	Pages = {251--274},
	Title = {Relational concepts of space and time},
	Volume = {33},
	Year = {1982}}

@article{Maudlin:1993aa,
	Author = {Maudlin, Tim},
	Date-Added = {2015-05-29 12:17:59 +0000},
	Date-Modified = {2015-05-29 12:19:15 +0000},
	Journal = {Philosophy of Science},
	Pages = {183--203},
	Title = {Buckets of water and waves of space: why spacetime is probably a substance},
	Volume = {60},
	Year = {1993}}

@book{Quine:1969aa,
	Author = {Quine, Willard Van Orman},
	Date-Added = {2015-05-07 10:32:49 +0000},
	Date-Modified = {2015-05-07 10:33:39 +0000},
	Publisher = {New York: Coulmbia University Press},
	Title = {Ontological relativity and other essays},
	Year = {1969}}

@article{Hacking:1975aa,
	Author = {Hacking, Ian},
	Date-Added = {2015-05-07 10:21:20 +0000},
	Date-Modified = {2015-05-07 10:22:35 +0000},
	Journal = {Journal of Philosophy},
	Pages = {249--256},
	Title = {The identity of indiscernibles},
	Volume = {72},
	Year = {1975}}

@article{Black:1952aa,
	Author = {Black, Max},
	Date-Added = {2015-05-07 10:20:40 +0000},
	Date-Modified = {2015-05-07 10:21:17 +0000},
	Journal = {Mind},
	Pages = {153--164},
	Title = {The identity of indiscernibles},
	Volume = {61},
	Year = {1952}}

@article{Belot:2001aa,
	Author = {Belot, Gordon},
	Date-Added = {2015-05-07 10:19:41 +0000},
	Date-Modified = {2015-05-07 10:20:28 +0000},
	Journal = {Journal of Philosophy},
	Pages = {55--74},
	Title = {The principle of sufficient reason},
	Volume = {98},
	Year = {2001}}

@book{Misner:1973aa,
	Author = {Misner, Charles W. and Thorne, Kip S. and Wheeler, John Archibald},
	Date-Added = {2015-05-07 08:42:41 +0000},
	Date-Modified = {2015-05-07 08:55:43 +0000},
	Publisher = {San Francisco: Freeman},
	Title = {Gravitation},
	Year = {1973}}

@book{Wheeler:1962aa,
	Author = {Wheeler, John Archibald},
	Date-Added = {2015-05-07 08:41:45 +0000},
	Date-Modified = {2015-05-07 08:42:27 +0000},
	Publisher = {New York: Academic Press},
	Title = {Geometrodynamics},
	Year = {1962}}

@book{Sklar:1974aa,
	Author = {Sklar, Lawrence},
	Date-Added = {2015-05-07 08:40:00 +0000},
	Date-Modified = {2015-05-07 08:40:55 +0000},
	Publisher = {Berkeley: University of California Press},
	Title = {Space, time and spacetime},
	Year = {1974}}

@article{Arntzenius:2005aa,
	Author = {Arntzenius, Frank and Hawthorne, John},
	Date-Added = {2015-05-06 13:21:58 +0000},
	Date-Modified = {2015-05-06 13:23:12 +0000},
	Journal = {The Monist},
	Pages = {441-465},
	Title = {Gunk and continuous variation},
	Volume = {88},
	Year = {2005}}

@article{Bigaj:2015aa,
	Author = {Bigaj, Thomas},
	Date-Added = {2015-05-06 10:22:53 +0000},
	Date-Modified = {2015-05-06 10:23:58 +0000},
	Journal = {Studies in History and Philosophy of Modern Physics},
	Pages = {43--53},
	Title = {Dissecting weak discernibility of quanta},
	Volume = {50},
	Year = {2015}}

@article{Dieks:2008aa,
	Author = {Dieks, Dennis and Versteegh, Marijn A. M.},
	Date-Added = {2015-05-06 10:13:24 +0000},
	Date-Modified = {2015-05-06 10:14:19 +0000},
	Journal = {Foundations of Physics},
	Pages = {923--934},
	Title = {Identical quantum particles and weak discernability},
	Volume = {38},
	Year = {2008}}

@article{Ladyman:2010aa,
	Author = {Ladyman, James and Bigaj, Thomas},
	Date-Added = {2015-05-06 10:11:54 +0000},
	Date-Modified = {2015-05-06 10:13:01 +0000},
	Journal = {Philosophy of Science},
	Pages = {117--136},
	Title = {The principle of the identity of indiscernibles and quantum mechanics},
	Volume = {77},
	Year = {2010}}

@book{Leibniz:2000aa,
	Date-Added = {2015-05-05 10:14:21 +0000},
	Date-Modified = {2015-05-05 10:16:16 +0000},
	Editor = {R. Ariew},
	Publisher = {Indianapolis: Hackett},
	Title = {G. {W}. {L}eibniz and {S}. {C}larke: {C}orrespondence},
	Year = {2000}}

@book{Leibniz:1890aa,
	Date-Added = {2015-05-05 10:07:38 +0000},
	Date-Modified = {2015-06-01 09:59:17 +0000},
	Editor = {C. I. Gerhardt},
	Publisher = {Berlin: Weidmannsche Verlagsbuchhandlung},
	Title = {Die philosophischen {S}chriften von {G}. {W}. {L}eibniz. {B}and 7},
	Year = {1890}}

@book{Hoffmann:2010aa,
	Author = {Hoffmann-Kolss, Vera},
	Date-Added = {2015-04-29 17:48:14 +0000},
	Date-Modified = {2015-04-29 17:49:36 +0000},
	Publisher = {Frankfurt (Main): Ontos},
	Title = {The metaphysics of extrinsic properties},
	Year = {2010}}

@incollection{Pylkkanen:2014aa,
	Author = {Pylkk{\"a}nen, Paavo and Hiley, Basil J. and P{\"a}ttiniemi, Ilkka},
	Booktitle = {Individuals across the sciences},
	Chapter = {12},
	Date-Added = {2015-04-29 16:55:53 +0000},
	Date-Modified = {2015-05-05 10:07:27 +0000},
	Editor = {Alexandre Guay and Thomas Pradeu},
	Note = {Forthcoming},
	Publisher = {Oxford: Oxford University Press},
	Title = {Bohm's approach and individuality},
	Year = {2015}}

@book{Jackson:1998aa,
	Author = {Frank Jackson},
	Date-Added = {2015-04-28 21:29:29 +0000},
	Date-Modified = {2015-04-28 21:30:32 +0000},
	Publisher = {Oxford: Oxford University Press},
	Title = {From metaphysics to ethics. A defence of conceptual analysis},
	Year = {1998}}

@article{Langton:1998aa,
	Author = {Langton, Rae and Lewis, David},
	Date-Added = {2015-04-28 16:46:52 +0000},
	Date-Modified = {2015-04-28 16:48:17 +0000},
	Journal = {Philosophy and Phenomenological Research},
	Pages = {333--345},
	Title = {Defining `intrinsic'},
	Volume = {58},
	Year = {1998}}

@article{Wheeler-Feynman:1945aa,
	Author = {Wheeler, John Archibald and Feynman, Richard P.},
	Date-Added = {2015-04-26 14:40:49 +0000},
	Date-Modified = {2015-04-26 14:40:49 +0000},
	Journal = {Reviews of Modern Physics},
	Pages = {157--181},
	Title = {Interaction with the absorber as the mechanism of radiation},
	Volume = {17},
	Year = {1945}}

@article{Unruh:1976,
	Author = {Unruh, W. G.},
	Date-Added = {2015-04-26 14:40:41 +0000},
	Date-Modified = {2015-04-26 14:40:41 +0000},
	Doi = {10.1103/PhysRevD.14.870},
	Issue = {4},
	Journal = {Phys. Rev. D},
	Month = {Aug},
	Numpages = {0},
	Pages = {870--892},
	Publisher = {American Physical Society},
	Title = {Notes on black-hole evaporation},
	Url = {http://link.aps.org/doi/10.1103/PhysRevD.14.870},
	Volume = {14},
	Year = {1976},
	Bdsk-Url-1 = {http://link.aps.org/doi/10.1103/PhysRevD.14.870},
	Bdsk-Url-2 = {http://dx.doi.org/10.1103/PhysRevD.14.870}}

@book{scharf_finite_1995,
	Address = {Berlin ; New York},
	Author = {Scharf, G.},
	Date-Added = {2015-04-26 14:40:33 +0000},
	Date-Modified = {2015-04-26 14:40:33 +0000},
	Edition = {2nd edition},
	Isbn = {9783540601425},
	Language = {English},
	Month = nov,
	Publisher = {Springer},
	Shorttitle = {Finite {Quantum} {Electrodynamics}},
	Title = {Finite quantum electrodynamics: the causal approach},
	Year = {1995}}

@article{Schroedinger:1930,
	Author = {Schr{\"o}dinger, E.},
	Date-Added = {2015-04-26 14:40:33 +0000},
	Date-Modified = {2015-04-26 14:40:33 +0000},
	Journal = {Berliner Ber.},
	Pages = {418--428},
	Title = {{{\"U}ber die kr{\"a}ftefreie Bewegung in der relativistischen Quantenmechanik}},
	Year = {1930}}

@article{Struyve:2010aa,
	Author = {Struyve, Ward},
	Date-Added = {2015-04-26 14:40:33 +0000},
	Date-Modified = {2015-04-26 14:40:33 +0000},
	Journal = {Journal of Physics: Conference Series},
	Pages = {012047},
	Title = {Pilot-wave approaches to quantum field theory},
	Volume = {306},
	Year = {2010}}

@book{Ruetsche:2011aa,
	Author = {Ruetsche, Laura},
	Date-Added = {2015-04-26 14:40:19 +0000},
	Date-Modified = {2015-04-26 14:40:19 +0000},
	Publisher = {Oxford: Oxford University Press},
	Title = {Interpreting quantum theories. The art of the possible},
	Year = {2011}}

@article{mickelsson_phase_2014,
	Annote = {Comment: 9 pages, no figures},
	Author = {Mickelsson, Jouko},
	Date-Added = {2015-04-26 14:40:06 +0000},
	Date-Modified = {2015-04-26 14:40:06 +0000},
	Journal = {arXiv:1403.4340 [math-ph]},
	Month = mar,
	Note = {arXiv: 1403.4340},
	Title = {The phase of the scattering operator from the geometry of certain infinite-dimensional groups},
	Url = {http://arxiv.org/abs/1403.4340},
	Urldate = {2014-07-03},
	Year = {2014},
	Bdsk-Url-1 = {http://arxiv.org/abs/1403.4340}}

@article{Klein:1929,
	Author = {Klein, O.},
	Date-Added = {2015-04-26 14:39:56 +0000},
	Date-Modified = {2015-04-26 14:39:56 +0000},
	Doi = {10.1007/BF01339716},
	Issn = {0044-3328},
	Journal = {Zeitschrift f{\"u}r Physik},
	Language = {German},
	Number = {3-4},
	Pages = {157-165},
	Publisher = {Springer-Verlag},
	Title = {{Die Reflexion von Elektronen an einem Potentialsprung nach der relativistischen Dynamik von Dirac}},
	Url = {http://dx.doi.org/10.1007/BF01339716},
	Volume = {53},
	Year = {1929},
	Bdsk-Url-1 = {http://dx.doi.org/10.1007/BF01339716}}

@book{Kuhlmann:2010aa,
	Author = {Kuhlmann, Meinard},
	Date-Added = {2015-04-26 14:39:56 +0000},
	Date-Modified = {2015-04-26 14:39:56 +0000},
	Publisher = {Frankfurt (Main): Ontos},
	Title = {The ultimate constituents of the material world. In search of an ontology for fundamental physics},
	Year = {2010}}

@article{Clifton:2002aa,
	Author = {Halvorson, Hans and Clifton, Robert K.},
	Date-Added = {2015-04-26 14:39:42 +0000},
	Date-Modified = {2015-04-26 14:39:42 +0000},
	Journal = {Philosophy of Science},
	Pages = {1--28},
	Title = {No place for particles in relativistic quantum theories?},
	Year = {2002}}

@article{gravejat_construction_2013,
	Author = {Gravejat, P. and Hainzl, C. and Lewin, M. and S{\'e}r{\'e}, E.},
	Date-Added = {2015-04-26 14:39:34 +0000},
	Date-Modified = {2015-04-26 14:39:34 +0000},
	Journal = {Archive for Rational Mechanics and Analysis},
	Number = {2},
	Pages = {603--665},
	Title = {Construction of the {Pauli}--{Villars}-regulated {Dirac} vacuum in electromagnetic fields},
	Volume = {208},
	Year = {2013}}

@article{Fulling:1973,
	Author = {Fulling, Stephen A.},
	Date-Added = {2015-04-26 14:39:16 +0000},
	Date-Modified = {2015-04-26 14:39:16 +0000},
	Doi = {10.1103/PhysRevD.7.2850},
	Issue = {10},
	Journal = {Phys. Rev. D},
	Month = {May},
	Numpages = {0},
	Pages = {2850--2862},
	Publisher = {American Physical Society},
	Title = {Nonuniqueness of Canonical Field Quantization in Riemannian Space-Time},
	Url = {http://link.aps.org/doi/10.1103/PhysRevD.7.2850},
	Volume = {7},
	Year = {1973},
	Bdsk-Url-1 = {http://link.aps.org/doi/10.1103/PhysRevD.7.2850},
	Bdsk-Url-2 = {http://dx.doi.org/10.1103/PhysRevD.7.2850}}

@article{fierz_particle_1979,
	Author = {Fierz, H. and Scharf, G.},
	Date-Added = {2015-04-26 14:39:06 +0000},
	Date-Modified = {2015-04-26 14:39:06 +0000},
	Journal = {Helvetica Physica Acta. Physica Theoretica},
	Number = {4},
	Pages = {437--453},
	Title = {Particle interpretation for external field problems in {QED}},
	Volume = {52},
	Year = {1979}}

@article{Dirac:1963aa,
	Author = {Dirac, Paul Adrien Maurice},
	Date-Added = {2015-04-26 14:38:30 +0000},
	Date-Modified = {2015-04-26 14:38:30 +0000},
	Journal = {Scientific American},
	Pages = {45},
	Title = {The evolution of the physicist's picture of nature},
	Volume = {208, May 1963},
	Year = {1963}}

@article{Dimock:2011aa,
	Author = {Dimock, John},
	Date-Added = {2015-04-26 14:38:03 +0000},
	Date-Modified = {2015-04-26 14:38:03 +0000},
	Journal = {Letters in Mathematical Physics},
	Number = {2},
	Pages = {157--166},
	Title = {The Dirac sea},
	Volume = {98},
	Year = {2011}}

@book{Dirac:1947,
	Author = {Dirac, P. A. M.},
	Date-Added = {2015-04-26 14:38:03 +0000},
	Date-Modified = {2015-04-26 14:38:03 +0000},
	Edition = {3rd},
	Published = {Oxford},
	Publisher = {Oxford: Oxford University Press},
	Title = {The principles of quantum mechanics},
	Year = {1947}}

@article{Deckert2010a,
	Abstract = {We construct the time-evolution for the
    second-quantized Dirac equation subject to a smooth, compactly supported,
        time dependent electromagnetic potential and identify the degrees of
            freedom involved. Earlier works on this (e.g., Ruijsenaars) observed
            the Shale\textendash Stinespring condition and showed that the
            one-particle time-evolution can be lifted to Fock space if and only
            if the external field had zero magnetic components. We scrutinize
                the idea, observed earlier by Fierz and Scharf, that the
                    time-evolution can be implemented between time varying Fock
                    spaces. In order to define these Fock spaces we are led to
                    consider classes of reference vacua and polarizations. We
                    show that this implementation is up to a phase independent
                    of the chosen reference vacuum or polarization and that all
                    induced transition probabilities are well-defined and
                    unique.},
	Author = {Deckert, D.-A. and D\"{u}rr, D. and Merkl, F. and Schottenloher, M.},
	Date-Added = {2015-04-26 14:37:41 +0000},
	Date-Modified = {2015-04-26 14:37:41 +0000},
	Doi = {10.1063/1.3506403},
	File = {Full Text PDF:/home/desertfrog/.mozilla/firefox/fae6rbt4.default/zotero/storage/DHZRFQKC/Deckert et al. - 2010 - Time-evolution of the external field problem in Qu.pdf:application/pdf;Snapshot:/home/desertfrog/.mozilla/firefox/fae6rbt4.default/zotero/storage/N6DMG963/1.html:text/html},
	Issn = {0022-2488, 1089-7658},
	Journal = {{Journal of Mathematical Physics}},
	Keywords = {Dirac equation, External field, Field theory, Hilbert space, Oceans, Polarizability, Polarization, Seas, Subspaces, Ultraviolet light},
	Number = {12},
	Pages = {122301},
	Title = {{Time-evolution of the external field problem in Quantum Electrodynamics}},
	Url = {http://scitation.aip.org/content/aip/journal/jmp/51/12/10.1063/1.3506403},
	Urldate = {2013-11-29},
	Volume = {{51}},
	Year = {2010},
	Bdsk-Url-1 = {http://scitation.aip.org/content/aip/journal/jmp/51/12/10.1063/1.3506403},
	Bdsk-Url-2 = {http://dx.doi.org/10.1063/1.3506403}}

@article{Davies:1975,
	Abstract = {The procedure used recently by Hawking (1975) to demonstrate the creation of massless particles by black holes is applied to the Rindler coordinate system in flat space-time. The result is that an observer who undergoes a uniform acceleration kappa apparently sees a fixed surface radiate with a temperature of kappa /2 pi . Some implications of this result are discussed.},
	Author = {P. C. W. Davies},
	Date-Added = {2015-04-26 14:37:26 +0000},
	Date-Modified = {2015-04-26 14:37:26 +0000},
	Journal = {Journal of Physics A: Mathematical and General},
	Number = {4},
	Pages = {609},
	Title = {Scalar production in Schwarzschild and Rindler metrics},
	Url = {http://stacks.iop.org/0305-4470/8/i=4/a=022},
	Volume = {8},
	Year = {1975},
	Bdsk-Url-1 = {http://stacks.iop.org/0305-4470/8/i=4/a=022}}

@article{Deckert2015,
	Author = {Deckert, D.-A. and Merkl, F.},
	Date-Added = {2015-04-26 14:37:26 +0000},
	Date-Modified = {2015-04-26 14:37:26 +0000},
	Journal = {In preparation},
	Title = {{External field QED on Cauchy surfaces}},
	Year = {2015}}

@article{Bell:1986aa,
	Author = {Bell, John Stewart},
	Date-Added = {2015-04-26 14:36:20 +0000},
	Date-Modified = {2015-04-26 14:36:20 +0000},
	Journal = {Physics Reports},
	Pages = {49--54},
	Title = {Beables for quantum field theory},
	Volume = {137},
	Volumetitle = {Reprinted in John S. Bell (1987): Speakable and unspeakable in quantum mechanics. Cambridge: Cambridge University Press. Chapter 19.},
	Year = {1986},
	Bdsk-File-1 = {YnBsaXN0MDDUAQIDBAUGJCVYJHZlcnNpb25YJG9iamVjdHNZJGFyY2hpdmVyVCR0b3ASAAGGoKgHCBMUFRYaIVUkbnVsbNMJCgsMDxJXTlMua2V5c1pOUy5vYmplY3RzViRjbGFzc6INDoACgAOiEBGABIAFgAdccmVsYXRpdmVQYXRoWWFsaWFzRGF0YV8QGS4uLy4uL0VuZG5vdGVzL2JpYnRleC5iaWLSFwsYGVdOUy5kYXRhTxEBnAAAAAABnAACAAAMTWFjaW50b3NoIEhEAAAAAAAAAAAAAAAAAAAA0iB7NEgrAAAACaQ2CmJpYnRleC5iaWIAAAAAAAAAAAAAAAAAAAAAAAAAAAAAAAAAAAAAAAAAAAAAAAAAAAAAAAAAAAAAAAAAAAAAAAAJpbXQpPkEAAAAAAAAAAAAAgACAAAJIAAAAAAAAAAAAAAAAAAAAAhFbmRub3RlcwAQAAgAANIgXxQAAAARAAgAANCk6vQAAAABABQACaQ2AAmCRgAJZd0ACWXcAAYoIAACAEVNYWNpbnRvc2ggSEQ6VXNlcnM6AG1lc2ZlbGQ6AERvY3VtZW50czoATWljaGFlbDoARW5kbm90ZXM6AGJpYnRleC5iaWIAAA4AFgAKAGIAaQBiAHQAZQB4AC4AYgBpAGIADwAaAAwATQBhAGMAaQBuAHQAbwBzAGgAIABIAEQAEgAzVXNlcnMvbWVzZmVsZC9Eb2N1bWVudHMvTWljaGFlbC9FbmRub3Rlcy9iaWJ0ZXguYmliAAATAAEvAAAVAAIADv//AACABtIbHB0eWiRjbGFzc25hbWVYJGNsYXNzZXNdTlNNdXRhYmxlRGF0YaMdHyBWTlNEYXRhWE5TT2JqZWN00hscIiNcTlNEaWN0aW9uYXJ5oiIgXxAPTlNLZXllZEFyY2hpdmVy0SYnVHJvb3SAAQAIABEAGgAjAC0AMgA3AEAARgBNAFUAYABnAGoAbABuAHEAcwB1AHcAhACOAKoArwC3AlcCWQJeAmkCcgKAAoQCiwKUApkCpgKpArsCvgLDAAAAAAAAAgEAAAAAAAAAKAAAAAAAAAAAAAAAAAAAAsU=}}

@article{bach_infrared-finite_2009,
	Author = {Bach, Volker and Fr{\"o}hlich, J{\"u}rg and Pizzo, Alessandro},
	Date-Added = {2015-04-26 14:35:46 +0000},
	Date-Modified = {2015-04-26 14:35:46 +0000},
	Doi = {10.1016/j.aim.2008.10.006},
	Issn = {0001-8708},
	Journal = {Advances in Mathematics},
	Month = mar,
	Number = {4},
	Pages = {1023--1074},
	Title = {Infrared-finite algorithms in {QED} {II}. {The} expansion of the groundstate of an atom interacting with the quantized radiation field},
	Url = {http://www.sciencedirect.com/science/article/pii/S0001870808002880},
	Urldate = {2015-03-02},
	Volume = {220},
	Year = {2009},
	Bdsk-Url-1 = {http://www.sciencedirect.com/science/article/pii/S0001870808002880},
	Bdsk-Url-2 = {http://dx.doi.org/10.1016/j.aim.2008.10.006}}

@article{bach_infrared-finite_2006,
	Author = {Bach, Volker and Fr{\"o}hlich, J{\"u}rg and Pizzo, Alessandro},
	Date-Added = {2015-04-26 14:35:46 +0000},
	Date-Modified = {2015-04-26 14:35:46 +0000},
	Doi = {10.1007/s00220-005-1478-3},
	Issn = {0010-3616, 1432-0916},
	Journal = {Communications in Mathematical Physics},
	Language = {en},
	Month = feb,
	Number = {1},
	Pages = {145--165},
	Shorttitle = {Infrared-{Finite} {Algorithms} in {QED}},
	Title = {Infrared-{Finite} {Algorithms} in {QED}: {The} {Groundstate} of an {Atom} {Interacting} with the {Quantized} {Radiation} {Field}},
	Url = {http://link.springer.com/article/10.1007/s00220-005-1478-3},
	Urldate = {2015-03-02},
	Volume = {264},
	Year = {2006},
	Bdsk-Url-1 = {http://link.springer.com/article/10.1007/s00220-005-1478-3},
	Bdsk-Url-2 = {http://dx.doi.org/10.1007/s00220-005-1478-3}}

@article{Baker:2009aa,
	Author = {Baker, David John},
	Date-Added = {2015-04-26 14:35:46 +0000},
	Date-Modified = {2015-04-26 14:35:46 +0000},
	Journal = {British Journal for the Philosophy of Science},
	Pages = {585--609},
	Title = {Against field interpretations of quantum field theory},
	Year = {2009}}

@article{Laudisa2014,
	Author = {Laudisa, Federico},
	Date-Added = {2015-04-07 19:01:28 +0000},
	Date-Modified = {2017-01-20 10:57:21 +0000},
	Journal = {European Journal for Philosophy of Science},
	Pages = {1--17},
	Title = {Against the 'no-go' philosophy of quantum mechanics},
	Volume = {4},
	Year = {2014}}

@book{Albert:2015aa,
	Author = {Albert, David Z.},
	Date-Added = {2015-04-07 12:49:07 +0000},
	Date-Modified = {2015-04-07 12:50:14 +0000},
	Publisher = {Cambridge, Massachusetts: Harvard University Press},
	Title = {After physics},
	Year = {2015}}

@incollection{Field:1985aa,
	Author = {Field, Hartry H.},
	Booktitle = {Proceedings of the 1984 Biennial Meeting of the Philosophy of Science Association. Volume 2},
	Date-Added = {2015-04-07 10:43:35 +0000},
	Date-Modified = {2015-04-07 10:45:12 +0000},
	Editor = {P. D. Asquith and P. Kitcher},
	Pages = {33--90},
	Publisher = {East Lansing: Philosophy of Science Association},
	Title = {Can we dispense with space-time?},
	Year = {1985}}

@article{Feynman:1966aa,
	Author = {Feynman, Richard P.},
	Date-Added = {2015-04-07 10:41:31 +0000},
	Date-Modified = {2015-04-07 10:48:23 +0000},
	Journal = {Science},
	Pages = {699--708},
	Title = {The development of the space-time view of quantum electrodynamics. {N}obel {L}ecture, {D}ecember 11, 1965},
	Volume = {153},
	Year = {1966}}

@article{Esfeld:2004aa,
	Author = {Esfeld, Michael},
	Date-Added = {2015-04-07 09:24:49 +0000},
	Date-Modified = {2015-04-07 09:25:47 +0000},
	Journal = {Studies in History and Philosophy of Modern Physics},
	Pages = {601--617},
	Title = {Quantum entanglement and a metaphysics of relations},
	Volume = {35},
	Year = {2004}}

@article{Barker:2013aa,
	Author = {Barker, Stephen},
	Date-Added = {2015-02-15 10:43:16 +0000},
	Date-Modified = {2015-02-15 10:44:53 +0000},
	Journal = {Mind},
	Number = {487},
	Pages = {605--653},
	Title = {The emperor's new metaphysics of powers},
	Volume = {122},
	Year = {2013}}

@article{Barbour:1982aa,
	Author = {Barbour, Julian and Bertotti, Bruno},
	Date-Added = {2015-02-10 15:06:46 +0000},
	Date-Modified = {2015-02-10 15:07:54 +0000},
	Journal = {Proceedings of the Royal Society A},
	Pages = {295--306},
	Title = {Mach's principle and the structure of dynamical theories},
	Volume = {382},
	Year = {1982}}

@article{Barbour:1977aa,
	Author = {Barbour, Julian and Bertotti, Bruno},
	Date-Added = {2015-02-10 15:05:35 +0000},
	Date-Modified = {2015-02-10 15:14:47 +0000},
	Journal = {Nuovo Cimento},
	Pages = {1--27},
	Title = {Gravity and inertia in a {M}achian framework},
	Volume = {32B},
	Year = {1977}}

@book{Mach:1919aa,
	Author = {Mach, Ernst},
	Date-Added = {2015-02-10 12:43:10 +0000},
	Date-Modified = {2015-02-17 10:54:24 +0000},
	Publisher = {Chicago: Open Court},
	Title = {The science of mechanics: a critical and historical account of its development. Fourth edition. Translation by Thomas J. McCormack},
	Year = {1919}}

@incollection{Dirac:1934,
	Author = {Dirac, Paul A. M.},
	Booktitle = {Rapport du 7{\`e}me Conseil Solvay de physique: structure et propri{\'e}t{\'e}s des noyaux atomiques},
	Date-Added = {2014-12-17 18:22:54 +0000},
	Date-Modified = {2014-12-17 18:44:12 +0000},
	Pages = {203--212},
	Publisher = {Paris: Gauthier-Villars},
	Title = {Th{\'e}orie du positron},
	Year = {1934}}

@article{Schaffer2010,
	Author = {Schaffer, Jonathan},
	Date-Added = {2014-12-11 15:31:37 +0000},
	Date-Modified = {2014-12-11 15:32:40 +0000},
	Journal = {Philosophical Review},
	Number = {1},
	Pages = {31--76},
	Title = {Monism: the priority of the whole},
	Volume = {119},
	Year = {2010}}

@article{Schaffer:2010ab,
	Author = {Schaffer, Jonathan},
	Date-Added = {2014-12-11 15:16:13 +0000},
	Date-Modified = {2014-12-11 15:31:35 +0000},
	Journal = {Mind},
	Number = {474},
	Pages = {341--376},
	Title = {The internal relatedness of all things},
	Volume = {119},
	Year = {2010}}

@article{Miller:2014aa,
	Author = {Miller, Elizabeth},
	Date-Added = {2014-12-11 14:34:39 +0000},
	Date-Modified = {2014-12-11 15:23:05 +0000},
	Journal = {Australasian Journal of Philosophy},
	Pages = {567--583},
	Title = {Quantum entanglement, {B}ohmian mechanics, and {H}umean supervenience},
	Volume = {92},
	Year = {2014}}

@article{Cei:2014aa,
	Author = {Cei, Angelo and French, Steven},
	Date-Added = {2014-12-11 14:33:46 +0000},
	Date-Modified = {2014-12-11 14:34:22 +0000},
	Journal = {Methode},
	Pages = {25--48},
	Title = {Getting away from governance: a structuralist approach to laws and symmetries},
	Volume = {4},
	Year = {2014}}

@article{Colin:2007aa,
	Author = {Colin, Samuel and Struyve, Ward},
	Date-Added = {2014-12-11 14:32:38 +0000},
	Date-Modified = {2014-12-11 14:36:06 +0000},
	Journal = {Journal of Physics A},
	Number = {26},
	Pages = {7309--7341},
	Title = {A Dirac sea pilot-wave model for quantum field theory},
	Volume = {40},
	Year = {2007}}

@book{Graham:2010aa,
	Author = {Graham, Daniel W.},
	Date-Added = {2014-12-11 14:31:47 +0000},
	Date-Modified = {2014-12-11 14:32:33 +0000},
	Publisher = {Cambridge: Cambridge University Press},
	Title = {The texts of early Greek philosophy. The complete fragments and selected testimonies of the major Presocratics. Edited and translated by Daniel W. Graham},
	Year = {2010}}

@book{Deckert:2010aa,
	Author = {Deckert, Dirk-Andr{\'e}},
	Date-Added = {2014-12-11 14:23:52 +0000},
	Date-Modified = {2014-12-11 14:24:33 +0000},
	Publisher = {T{\"o}nning: Der Andere Verlag},
	Title = {Electrodynamic absorber theory -- a mathematical study},
	Year = {2010}}

@article{Wuthrich:2009aa,
	Author = {W{\"u}thrich, Christian},
	Date-Added = {2014-12-11 14:16:37 +0000},
	Date-Modified = {2014-12-11 14:17:14 +0000},
	Journal = {Philosophy of Science},
	Pages = {1039--1051},
	Title = {Challenging the spacetime structuralist},
	Volume = {76},
	Year = {2009}}

@article{Saunders:2006aa,
	Author = {Saunders, Simon},
	Date-Added = {2014-12-11 14:15:30 +0000},
	Date-Modified = {2014-12-11 15:23:24 +0000},
	Journal = {Analysis},
	Pages = {52--63},
	Title = {Are quantum particles objects?},
	Volume = {66},
	Year = {2006}}

@article{Russell:1912aa,
	Author = {Russell, Bertrand},
	Date-Added = {2014-12-11 14:14:45 +0000},
	Date-Modified = {2014-12-11 14:15:22 +0000},
	Journal = {Proceedings of the Aristotelian Society},
	Pages = {1--26},
	Title = {On the notion of cause},
	Volume = {13},
	Year = {1912}}

@book{Newton:1952aa,
	Author = {Newton, Isaac},
	Date-Added = {2014-12-11 14:13:49 +0000},
	Date-Modified = {2014-12-11 14:14:30 +0000},
	Publisher = {New York: Dover},
	Title = {Opticks. Edited by I. B. Cohen},
	Year = {1952}}

@article{Muller:2011aa,
	Author = {Muller, F. A.},
	Date-Added = {2014-12-11 14:12:47 +0000},
	Date-Modified = {2014-12-11 14:47:50 +0000},
	Journal = {Philosophy of Science},
	Pages = {1046--1057},
	Title = {How to defeat {W}{\"u}thrich's abysmal embarassment argument against space-time structuralism},
	Volume = {78},
	Year = {2011}}

@article{Loewer:1996aa,
	Author = {Loewer, Barry},
	Date-Added = {2014-12-11 14:11:49 +0000},
	Date-Modified = {2014-12-11 14:12:31 +0000},
	Journal = {Philosophical Topics},
	Pages = {101--127},
	Title = {Humean supervenience},
	Volume = {24},
	Year = {1996}}

@book{French:2014aa,
	Author = {French, Steven},
	Date-Added = {2014-12-11 14:10:33 +0000},
	Date-Modified = {2014-12-11 14:11:22 +0000},
	Publisher = {Oxford: Oxford University Press},
	Title = {The structure of the world. Metaphysics and representation},
	Year = {2014}}

@incollection{Esfeld:2011aa,
	Author = {Esfeld, Michael and Lam, Vincent},
	Booktitle = {Scientific structuralism},
	Date-Added = {2014-12-11 08:00:47 +0000},
	Date-Modified = {2014-12-11 14:44:45 +0000},
	Editor = {A. and P. Bokulich},
	Pages = {143--159},
	Publisher = {Dordrecht: Springer},
	Title = {Ontic structural realism as a metaphysics of objects},
	Year = {2011}}

@article{Esfeld:2009aa,
	Author = {Esfeld, Michael},
	Date-Added = {2014-12-11 07:59:13 +0000},
	Date-Modified = {2014-12-11 15:24:04 +0000},
	Journal = {International Studies in the Philosophy of Science},
	Pages = {179--194},
	Title = {The modal nature of structures in ontic structural realism},
	Volume = {23},
	Year = {2009}}

@article{Esfeld:2015aa,
	Author = {Esfeld, Michael and Lazarovici, Dustin and Lam, Vincent and Hubert, Mario},
	Date-Added = {2014-12-03 16:31:56 +0000},
	Date-Modified = {2020-03-14 14:46:45 +0000},
	Journal = {British Journal for the Philosophy of Science. Published Online 07 July 2015},
	Number = {1},
	Pages = {133-161},
	Title = {The physics and metaphysics of primitive stuff},
	Volume = {68},
	Year = {2017}}

@article{Bell:1975aa,
	Author = {Bell, John Stewart},
	Date-Added = {2014-12-03 16:31:01 +0000},
	Date-Modified = {2015-06-08 13:59:03 +0000},
	Journal = {TH 2053-CERN},
	Title = {The theory of local beables},
	Volumetitle = {Reprinted in John S. Bell (1987): Speakable and unspeakable in quantum mechanics. Cambridge: Cambridge University Press. Chapter 7.},
	Year = {1975},
	Bdsk-File-1 = {YnBsaXN0MDDUAQIDBAUGJCVYJHZlcnNpb25YJG9iamVjdHNZJGFyY2hpdmVyVCR0b3ASAAGGoKgHCBMUFRYaIVUkbnVsbNMJCgsMDxJXTlMua2V5c1pOUy5vYmplY3RzViRjbGFzc6INDoACgAOiEBGABIAFgAdccmVsYXRpdmVQYXRoWWFsaWFzRGF0YV8QGS4uLy4uL0VuZG5vdGVzL2JpYnRleC5iaWLSFwsYGVdOUy5kYXRhTxEBnAAAAAABnAACAAAMTWFjaW50b3NoIEhEAAAAAAAAAAAAAAAAAAAA0iB7NEgrAAAACaQ2CmJpYnRleC5iaWIAAAAAAAAAAAAAAAAAAAAAAAAAAAAAAAAAAAAAAAAAAAAAAAAAAAAAAAAAAAAAAAAAAAAAAAAJpbXQpPkEAAAAAAAAAAAAAgACAAAJIAAAAAAAAAAAAAAAAAAAAAhFbmRub3RlcwAQAAgAANIgXxQAAAARAAgAANCk6vQAAAABABQACaQ2AAmCRgAJZd0ACWXcAAYoIAACAEVNYWNpbnRvc2ggSEQ6VXNlcnM6AG1lc2ZlbGQ6AERvY3VtZW50czoATWljaGFlbDoARW5kbm90ZXM6AGJpYnRleC5iaWIAAA4AFgAKAGIAaQBiAHQAZQB4AC4AYgBpAGIADwAaAAwATQBhAGMAaQBuAHQAbwBzAGgAIABIAEQAEgAzVXNlcnMvbWVzZmVsZC9Eb2N1bWVudHMvTWljaGFlbC9FbmRub3Rlcy9iaWJ0ZXguYmliAAATAAEvAAAVAAIADv//AACABtIbHB0eWiRjbGFzc25hbWVYJGNsYXNzZXNdTlNNdXRhYmxlRGF0YaMdHyBWTlNEYXRhWE5TT2JqZWN00hscIiNcTlNEaWN0aW9uYXJ5oiIgXxAPTlNLZXllZEFyY2hpdmVy0SYnVHJvb3SAAQAIABEAGgAjAC0AMgA3AEAARgBNAFUAYABnAGoAbABuAHEAcwB1AHcAhACOAKoArwC3AlcCWQJeAmkCcgKAAoQCiwKUApkCpgKpArsCvgLDAAAAAAAAAgEAAAAAAAAAKAAAAAAAAAAAAAAAAAAAAsU=}}

@book{Ladyman:2007b,
	Author = {James Ladyman and Don Ross},
	Date-Added = {2014-10-21 18:08:39 +0000},
	Date-Modified = {2014-12-09 12:57:37 +0000},
	Publisher = {New York: Oxford University Press},
	Title = {Every thing must go: metaphysics naturalized},
	Year = {2007}}

@article{Belot:2012aa,
	Author = {Gordon Belot},
	Date-Added = {2014-10-21 17:55:52 +0000},
	Date-Modified = {2014-12-09 12:54:50 +0000},
	Journal = {European Journal for Philosophy of Science},
	Number = {1},
	Pages = {67--83},
	Title = {Quantum states for primitive ontologists: a case study},
	Volume = {2},
	Year = {2012}}

@incollection{Maudlin:2010aa,
	Author = {Tim Maudlin},
	Booktitle = {Many worlds? Everett, quantum theory, and reality},
	Date-Added = {2014-10-21 17:52:50 +0000},
	Date-Modified = {2014-12-11 07:48:47 +0000},
	Editor = {Saunders, Simon and Barrett, Jonathan and Kent, Adrian and Wallace, David},
	Pages = {121-143},
	Publisher = {Oxford: Oxford University Press},
	Title = {Can the world be only wave-function?},
	Year = {2010}}

@article{Durr:2006aa,
	Author = {Detlef D{\"u}rr and Sheldon Goldstein and James Taylor and Roderich Tumulka and Nino Zangh{\`\i}},
	Date-Added = {2014-06-23 09:54:46 +0000},
	Date-Modified = {2014-12-09 12:55:30 +0000},
	Journal = {Annales Henri Poincar{\'e}},
	Note = {Reprinted in \citet[chap. 8]{Durr:2013aa}},
	Number = {4},
	Pages = {791--807},
	Title = {Topological factors derived from {B}ohmian mechanics},
	Volume = {7},
	Year = {2006}}

@article{Goldstein:2005b,
	Abstract = {We consider the possibility that all particles in the world are fundamentally identical, i.e., belong to the same species. Different masses, charges, spins, flavours or colours then merely correspond to different quantum states of the same particle, just as spin-up and spin-down do. The implications of this viewpoint can be best appreciated within Bohmian mechanics, a precise formulation of quantum mechanics with particle trajectories. The implementation of this viewpoint in such a theory leads to trajectories different from those of the usual formulation, and thus to a version of Bohmian mechanics that is inequivalent to, though arguably empirically indistinguishable from, the usual one. The mathematical core of this viewpoint is however rather independent of the detailed dynamical scheme Bohmian mechanics provides, and it amounts to the assertion that the configuration space for N particles, even N 'distinguishable particles', is the set of all N -point subsets of physical 3-space.},
	Author = {Sheldon Goldstein and James Taylor and Roderich Tumulka and Nino Zangh{\`\i}},
	Date-Added = {2014-06-19 07:48:19 +0000},
	Date-Modified = {2014-06-19 07:48:38 +0000},
	Journal = {Journal of Physics A: Mathematical and General},
	Number = {7},
	Pages = {1567--1576},
	Title = {Are all particles identical?},
	Volume = {38},
	Year = {2005}}

@book{Durr:2013aa,
	Author = {Detlef D{\"u}rr and Sheldon Goldstein and Nino Zangh{\`\i}},
	Date-Added = {2014-06-19 07:42:52 +0000},
	Date-Modified = {2014-12-11 14:44:02 +0000},
	Publisher = {Berlin: Springer},
	Title = {Quantum physics without quantum philosophy},
	Year = {2013}}

@incollection{Albert:1996aa,
	Author = {Albert, David Z.},
	Booktitle = {Bohmian mechanics and quantum theory: an appraisal},
	Date-Added = {2014-06-19 07:26:46 +0000},
	Date-Modified = {2014-12-09 12:51:20 +0000},
	Editor = {Cushing, James T. and Fine, Arthur and Goldstein, Sheldon},
	Pages = {277--284},
	Publisher = {Springer Netherlands},
	Series = {Boston Studies in the Philosophy of Science},
	Title = {Elementary quantum metaphysics},
	Volume = {184},
	Year = {1996}}

@article{Esfeld:2014ab,
	Author = {Esfeld, Michael and Lazarovici, Dustin and Hubert, Mario and D{\"u}rr, Detlef},
	Date-Added = {2014-06-19 06:53:47 +0000},
	Date-Modified = {2014-12-11 14:37:27 +0000},
	Journal = {British Journal for the Philosophy of Science},
	Number = {4},
	Pages = {773-796},
	Title = {The ontology of {B}ohmian mechanics},
	Volume = {65},
	Year = {2014}}

@article{Dickson:2000aa,
	Author = {Dickson, Michael},
	Date-Added = {2014-06-19 06:52:50 +0000},
	Date-Modified = {2014-06-23 10:28:34 +0000},
	Journal = {Philosophy of Science},
	Number = {4},
	Pages = {704--710},
	Title = {Are there material objects in {B}ohm's theory?},
	Volume = {67},
	Year = {2000}}

@article{Esfeld:2008aa,
	Author = {Esfeld, Michael and Lam, Vincent},
	Date-Added = {2014-06-19 06:51:58 +0000},
	Date-Modified = {2014-06-23 10:32:11 +0000},
	Journal = {Synthese},
	Number = {1},
	Pages = {27--46},
	Title = {Moderate structural realism about space-time},
	Volume = {160},
	Year = {2008},
	Bdsk-File-1 = {YnBsaXN0MDDUAQIDBAUGJCVYJHZlcnNpb25YJG9iamVjdHNZJGFyY2hpdmVyVCR0b3ASAAGGoKgHCBMUFRYaIVUkbnVsbNMJCgsMDxJXTlMua2V5c1pOUy5vYmplY3RzViRjbGFzc6INDoACgAOiEBGABIAFgAdccmVsYXRpdmVQYXRoWWFsaWFzRGF0YV8QFy4uLy4uL0VuZG5vdGVzL3Rlc3QuYmli0hcLGBlXTlMuZGF0YU8RAZQAAAAAAZQAAgAADE1hY2ludG9zaCBIRAAAAAAAAAAAAAAAAAAAAM/yrd5IKwAAAA1p1Qh0ZXN0LmJpYgAAAAAAAAAAAAAAAAAAAAAAAAAAAAAAAAAAAAAAAAAAAAAAAAAAAAAAAAAAAAAAAAAAAAAAAAAAKL7i0KT5qwAAAAAAAAAAAAIAAgAACSAAAAAAAAAAAAAAAAAAAAAIRW5kbm90ZXMAEAAIAADP8pG+AAAAEQAIAADQpOubAAAAAQAUAA1p1QANR2sADTLtAAnY3QAJd3AAAgBDTWFjaW50b3NoIEhEOlVzZXJzOgBtZXNmZWxkOgBEb2N1bWVudHM6AE1pY2hhZWw6AEVuZG5vdGVzOgB0ZXN0LmJpYgAADgASAAgAdABlAHMAdAAuAGIAaQBiAA8AGgAMAE0AYQBjAGkAbgB0AG8AcwBoACAASABEABIAMVVzZXJzL21lc2ZlbGQvRG9jdW1lbnRzL01pY2hhZWwvRW5kbm90ZXMvdGVzdC5iaWIAABMAAS8AABUAAgAO//8AAIAG0hscHR5aJGNsYXNzbmFtZVgkY2xhc3Nlc11OU011dGFibGVEYXRhox0fIFZOU0RhdGFYTlNPYmplY3TSGxwiI1xOU0RpY3Rpb25hcnmiIiBfEA9OU0tleWVkQXJjaGl2ZXLRJidUcm9vdIABAAgAEQAaACMALQAyADcAQABGAE0AVQBgAGcAagBsAG4AcQBzAHUAdwCEAI4AqACtALUCTQJPAlQCXwJoAnYCegKBAooCjwKcAp8CsQK0ArkAAAAAAAACAQAAAAAAAAAoAAAAAAAAAAAAAAAAAAACuw==}}

@book{Durr:2009fk,
	Author = {Detlef D{\"u}rr and Stefan Teufel},
	Date-Added = {2014-06-12 13:42:18 +0000},
	Date-Modified = {2014-12-09 12:56:09 +0000},
	Publisher = {Berlin: Springer},
	Title = {Bohmian mechanics: the physics and mathematics of quantum theory},
	Year = {2009},
	Bdsk-File-1 = {YnBsaXN0MDDUAQIDBAUGJCVYJHZlcnNpb25YJG9iamVjdHNZJGFyY2hpdmVyVCR0b3ASAAGGoKgHCBMUFRYaIVUkbnVsbNMJCgsMDxJXTlMua2V5c1pOUy5vYmplY3RzViRjbGFzc6INDoACgAOiEBGABIAFgAdccmVsYXRpdmVQYXRoWWFsaWFzRGF0YV8QFy4uLy4uL0VuZG5vdGVzL3Rlc3QuYmli0hcLGBlXTlMuZGF0YU8RAZQAAAAAAZQAAgAADE1hY2ludG9zaCBIRAAAAAAAAAAAAAAAAAAAAM/yrd5IKwAAAA1p1Qh0ZXN0LmJpYgAAAAAAAAAAAAAAAAAAAAAAAAAAAAAAAAAAAAAAAAAAAAAAAAAAAAAAAAAAAAAAAAAAAAAAAAAAKL7i0KT5qwAAAAAAAAAAAAIAAgAACSAAAAAAAAAAAAAAAAAAAAAIRW5kbm90ZXMAEAAIAADP8pG+AAAAEQAIAADQpOubAAAAAQAUAA1p1QANR2sADTLtAAnY3QAJd3AAAgBDTWFjaW50b3NoIEhEOlVzZXJzOgBtZXNmZWxkOgBEb2N1bWVudHM6AE1pY2hhZWw6AEVuZG5vdGVzOgB0ZXN0LmJpYgAADgASAAgAdABlAHMAdAAuAGIAaQBiAA8AGgAMAE0AYQBjAGkAbgB0AG8AcwBoACAASABEABIAMVVzZXJzL21lc2ZlbGQvRG9jdW1lbnRzL01pY2hhZWwvRW5kbm90ZXMvdGVzdC5iaWIAABMAAS8AABUAAgAO//8AAIAG0hscHR5aJGNsYXNzbmFtZVgkY2xhc3Nlc11OU011dGFibGVEYXRhox0fIFZOU0RhdGFYTlNPYmplY3TSGxwiI1xOU0RpY3Rpb25hcnmiIiBfEA9OU0tleWVkQXJjaGl2ZXLRJidUcm9vdIABAAgAEQAaACMALQAyADcAQABGAE0AVQBgAGcAagBsAG4AcQBzAHUAdwCEAI4AqACtALUCTQJPAlQCXwJoAnYCegKBAooCjwKcAp8CsQK0ArkAAAAAAAACAQAAAAAAAAAoAAAAAAAAAAAAAAAAAAACuw==}}

@book{French:2006aa,
	Author = {French, S. and Krause, D.},
	Date-Added = {2014-06-06 08:08:44 +0000},
	Date-Modified = {2014-12-09 12:56:53 +0000},
	Publisher = {Oxford: Oxford University Press},
	Title = {Identity in physics: a historical, philosophical, and formal analysis},
	Year = {2006}}

@article{Tumulka:2006aa,
	Author = {Tumulka, Roderich},
	Date-Added = {2014-05-06 15:34:58 +0000},
	Date-Modified = {2014-06-19 07:22:19 +0000},
	Journal = {Journal of Statistical Physics},
	Number = {4},
	Pages = {821--840},
	Title = {A relativistic version of the {G}hirardi--{R}imini--{W}eber model},
	Volume = {125},
	Year = {2006}}

@article{Norsen:2014aa,
	Author = {Norsen, Travis},
	Date-Added = {2014-05-14 09:54:03 +0000},
	Date-Modified = {2014-06-19 08:51:56 +0000},
	Journal = {American Journal of Physics},
	Number = {4},
	Pages = {337-348},
	Title = {The pilot-wave perspective on spin},
	Volume = {82},
	Year = {2014}}

@article{Mundy:1989aa,
	Author = {Mundy, Brent},
	Date-Added = {2014-05-06 15:32:33 +0000},
	Date-Modified = {2014-12-11 14:38:03 +0000},
	Journal = {British Journal for the Philosophy of Science},
	Number = {1},
	Pages = {39--68},
	Title = {Distant action in classical electromagnetic theory},
	Volume = {40},
	Year = {1989}}

@article{Muller:2008aa,
	Author = {Muller, F. A. and Saunders, Simon},
	Date-Added = {2014-05-13 18:05:21 +0000},
	Date-Modified = {2014-12-09 12:58:21 +0000},
	Journal = {The British Journal for the Philosophy of Science},
	Number = {3},
	Pages = {499--548},
	Title = {Discerning fermions},
	Volume = {59},
	Year = {2008}}

@book{Maudlin:2007aa,
	Author = {Maudlin, Tim},
	Date-Added = {2014-05-06 16:58:48 +0000},
	Date-Modified = {2014-12-09 12:57:52 +0000},
	Publisher = {New York: Oxford University Press},
	Title = {The metaphysics within physics},
	Year = {2007}}

@incollection{Lewis:2009aa,
	Author = {Lewis, David},
	Booktitle = {Conceptual Analysis and Philosophical Naturalism},
	Date-Added = {2014-05-06 15:29:33 +0000},
	Date-Modified = {2014-06-23 13:48:05 +0000},
	Editor = {D. Braddon-Mitchell and R. Nola},
	Pages = {203--222},
	Publisher = {Cambridge, Massachusetts: MIT Press},
	Title = {Ramseyan humility},
	Year = {2009}}

@article{Lewis:1994aa,
	Author = {Lewis, David},
	Date-Added = {2014-05-06 15:26:08 +0000},
	Date-Modified = {2014-06-23 13:29:25 +0000},
	Journal = {Mind},
	Note = {Reprinted in Lewis, D. (1999). \emph{Papers in Metaphysics and Epistemology}, pages 224-247. Cambridge: Cambridge University Press.},
	Number = {412},
	Pages = {473--490},
	Title = {Humean supervenience debugged},
	Volume = {103},
	Year = {1994}}

@book{Lewis:1986aa,
	Author = {Lewis, David},
	Date-Added = {2014-05-06 15:25:44 +0000},
	Date-Modified = {2014-12-09 12:57:43 +0000},
	Publisher = {Oxford: Oxford University Press},
	Title = {Philosophical papers},
	Volume = {2},
	Year = {1986}}

@book{Lewis:1973aa,
	Author = {Lewis, David},
	Date-Added = {2014-05-06 15:23:47 +0000},
	Date-Modified = {2014-05-06 15:37:58 +0000},
	Publisher = {Oxford: Blackwell},
	Title = {Counterfactuals},
	Year = {1973}}

@article{Ladyman:2007aa,
	Author = {Ladyman, James},
	Date-Added = {2014-05-13 10:37:48 +0000},
	Date-Modified = {2014-12-11 14:46:11 +0000},
	Journal = {Proceedings of the Aristotelian Society. Supplementary Volume},
	Number = {1},
	Pages = {23--43},
	Title = {On the identity and diversity of objects in a structure},
	Volume = {81},
	Year = {2007}}

@article{Huggett:2006aa,
	Author = {Huggett, Nick},
	Date-Added = {2014-05-06 15:22:54 +0000},
	Date-Modified = {2014-05-06 15:37:17 +0000},
	Journal = {Mind},
	Number = {457},
	Pages = {41--73},
	Publisher = {Mind Assoc},
	Title = {The regularity account of relational spacetime},
	Volume = {115},
	Year = {2006}}

@unpublished{Hall:2009aa,
	Author = {Hall, Ned},
	Date-Added = {2014-05-06 15:22:19 +0000},
	Date-Modified = {2014-12-11 14:45:57 +0000},
	Note = {Unpublished manuscript. http://philpapers.org/rec/halhra},
	Title = {Humean reductionism about laws of nature},
	Year = {2009},
	Bdsk-Url-1 = {http://philpapers.org/rec/halhra}}

@article{Goldstein:2005a,
	Author = {Goldstein, Sheldon and Taylor, James and Tumulka, Roderich and Zangh{\`\i}, Nino},
	Date-Added = {2014-05-06 15:20:54 +0000},
	Date-Modified = {2014-06-13 07:31:43 +0000},
	Journal = {Studies in History and Philosophy of Science Part B: Studies in History and Philosophy of Modern Physics},
	Number = {1},
	Pages = {103--112},
	Publisher = {Elsevier},
	Title = {Are all particles real?},
	Volume = {36},
	Year = {2005}}

@article{Ghirardi:1986aa,
	Author = {Ghirardi, Gian Carlo and Rimini, Alberto and Weber, Tullio},
	Date-Added = {2014-05-06 15:20:22 +0000},
	Date-Modified = {2014-06-23 13:42:28 +0000},
	Journal = {Physical Review D},
	Number = {2},
	Pages = {470--491},
	Title = {Unified dynamics for microscopic and macroscopic systems},
	Volume = {34},
	Year = {1986}}

@article{Ghirardi:1995aa,
	Author = {Ghirardi, Gian Carlo and Grassi, Renata and Benatti, Fabio},
	Date-Added = {2014-05-06 15:19:31 +0000},
	Date-Modified = {2014-06-23 10:52:48 +0000},
	Journal = {Foundations of Physics},
	Number = {1},
	Pages = {5--38},
	Publisher = {Springer},
	Title = {Describing the macroscopic world: closing the circle within the dynamical reduction program},
	Volume = {25},
	Year = {1995}}

@article{Everett:1957aa,
	Author = {Everett , Hugh},
	Date-Added = {2014-05-06 15:19:04 +0000},
	Date-Modified = {2014-06-23 13:45:11 +0000},
	Journal = {Reviews of Modern Physics},
	Note = {Reprinted in DeWitt, B.\ S.\ and Graham, N., editors (1973). \emph{The Many-Worlds Interpretation of Quantum Mechanics}, pages 141--149. Princeton: Princeton University Press.},
	Number = {3},
	Pages = {454--462},
	Title = {``{R}elative state'' formulation of quantum mechanics},
	Volume = {29},
	Year = {1957}}

@article{Esfeld:2014aa,
	Author = {Esfeld, Michael},
	Date-Added = {2014-05-06 15:18:33 +0000},
	Date-Modified = {2014-06-23 12:38:00 +0000},
	Journal = {The Philosophical Quarterly},
	Number = {256},
	Pages = {453--470},
	Title = {Quantum {H}umeanism, or: physicalism without properties},
	Volume = {64},
	Year = {2014}}

@article{Cohen:2009aa,
	Author = {Cohen, Jonathan and Callender, Craig},
	Date-Added = {2014-05-06 15:15:42 +0000},
	Date-Modified = {2014-05-06 15:36:27 +0000},
	Journal = {Philosophical Studies},
	Number = {1},
	Pages = {1--34},
	Publisher = {Springer},
	Title = {A better best system account of lawhood},
	Volume = {145},
	Year = {2009}}

@article{Callender:2014aa,
	Author = {Callender, Craig},
	Date-Added = {2014-05-06 15:15:10 +0000},
	Date-Modified = {2015-06-10 10:16:40 +0000},
	Journal = {Synthese},
	Pages = {DOI 10.1007/s11229-014-0582-3},
	Title = {One world, one beable},
	Year = {2015}}

@incollection{Brown:1996aa,
	Author = {Brown, Harvey R. and Elby, Andrew and Weingard, Robert},
	Booktitle = {Bohmian mechanics and quantum theory: an appraisal},
	Date-Added = {2014-05-07 14:11:18 +0000},
	Date-Modified = {2014-12-09 12:53:21 +0000},
	Editor = {Cushing, James T. and Fine, Arthur and Goldstein, Sheldon},
	Pages = {309--319},
	Publisher = {Dordrecht: Springer},
	Series = {Boston Studies in the Philosophy of Science},
	Title = {Cause and effect in the pilot-wave interpretation of quantum mechanics},
	Volume = {184},
	Year = {1996}}

@article{Brown:1995aa,
	Author = {Brown, H. R. and Dewdney, C. and Horton, G.},
	Date-Added = {2014-05-07 13:41:40 +0000},
	Date-Modified = {2014-12-09 12:52:33 +0000},
	Journal = {Foundations of Physics},
	Number = {2},
	Pages = {329--347},
	Title = {Bohm particles and their detection in the light of neutron interferometry},
	Volume = {25},
	Year = {1995}}

@article{Broglie:1928aa,
	Author = {de Broglie, Louis},
	Date-Added = {2014-05-06 15:14:00 +0000},
	Date-Modified = {2014-06-22 14:00:16 +0000},
	Journal = {Electrons et photons. Rapports et discussions du cinqui{\`e}me Conseil de physique tenu {\`a} Bruxelles du 24 au 29 octobre 1927 sous les auspices de l'Institut international de physique Solvay},
	Note = {Paris: Gauthier-Villars. English translation in Bacciagaluppi, G. and Valentini, A., editors (2009). \emph{Quantum theory at the crossroads. Reconsidering the 1927 Solvay conference}, pages 341--371. Cambridge: Cambridge University Press.},
	Pages = {105--132},
	Title = {La nouvelle dynamique des quanta},
	Year = {1928}}

@article{Bohm:1952aa,
	Author = {Bohm, David},
	Date-Added = {2014-05-06 15:13:33 +0000},
	Date-Modified = {2016-06-08 14:13:51 +0000},
	Journal = {Physical Review},
	Number = {2},
	Pages = {166 -179},
	Title = {A suggested interpretation of the quantum theory in terms of ``hidden'' variables. I},
	Volume = {85},
	Year = {1952}}

@book{Bird:2007aa,
	Author = {Bird, Alexander},
	Date-Added = {2014-05-06 15:12:41 +0000},
	Date-Modified = {2014-12-09 12:55:04 +0000},
	Publisher = {New York: Oxford University Press},
	Title = {Nature's metaphysics: laws and properties},
	Year = {2007}}

@book{Bell:2004aa,
	Author = {Bell, John Stewart},
	Date-Added = {2014-05-06 15:12:13 +0000},
	Date-Modified = {2014-12-09 12:51:57 +0000},
	Publisher = {Cambridge: Cambridge University Press},
	Title = {Speakable and unspeakable in quantum mechanics},
	Year = {1987}}

@article{Allori:2013aa,
	Author = {Allori, Valia and Goldstein, Sheldon and Tumulka, Roderich and Zangh{\`\i}, Nino},
	Date-Added = {2014-05-06 15:11:30 +0000},
	Date-Modified = {2014-12-11 14:37:10 +0000},
	Journal = {British Journal for the Philosophy of Science},
	Number = {2},
	Pages = {323--352},
	Title = {Predictions and primitive ontology in quantum foundations: a study of examples},
	Volume = {65},
	Year = {2014}}

@article{Allori:2008aa,
	Author = {Allori, Valia and Goldstein, Sheldon and Tumulka, Roderich and Zangh{\`\i}, Nino},
	Date-Added = {2014-05-06 15:04:08 +0000},
	Date-Modified = {2014-12-11 14:37:17 +0000},
	Journal = {British Journal for the Philosophy of Science},
	Number = {3},
	Pages = {353--389},
	Title = {On the common structure of {B}ohmian mechanics and the {G}hirardi-{R}imini-{W}eber theory},
	Volume = {59},
	Year = {2008}}
