@article{PhysRevA.84.012311,
	title = {Informational derivation of quantum theory},
	author = {Chiribella, Giulio and D'Ariano, Giacomo Mauro and Perinotti, Paolo},
	journal = {Phys. Rev. A},
	volume = {84},
	issue = {1},
	pages = {012311},
	numpages = {39},
	year = {2011},
	month = {Jul},
	publisher = {American Physical Society},
	doi = {10.1103/PhysRevA.84.012311},
	url = {https://link.aps.org/doi/10.1103/PhysRevA.84.012311}
}

@book{QLogicReview,
	author = {Coecke, Bob and Moore, David and Wilce, Alexander},
	year = {2000},
	month = {01},
	pages = {},
	title = {Current Research in Operational Quantum Logic: Algebras, Categories, Languages},
	isbn = {978-90-481-5437-1},
	doi = {10.1007/978-94-017-1201-9}
}

@article{Hardy:2001jk,
	author         = "Hardy, Lucien",
	title          = "{Quantum theory from five reasonable axioms}",
	year           = "2001",
	eprint         = "quant-ph/0101012",
	archivePrefix  = "arXiv",
	primaryClass   = "quant-ph",
	SLACcitation   = "%%CITATION = QUANT-PH/0101012;%%"
}

@book{ludwig_hein_2013,
	place={Berlin},
	title={Foundations of Quantum Mechanics},
	publisher={Springer Berlin},
	author={Ludwig, G. and Hein, C. A.},
	year={2013}
} 

@ARTICLE{Turing,
	author       = "A. M. Turing",
	title        = {On Computable Numbers, with an Application to the {Entscheidungsproblem}},	
	year         = "1936",
	journal      = "Proceedings of the London Mathematical Society",
	volume       = "2",
	number		 = "42",
	pages        = "230-265",
	doi			 = "10.1112/plms/s2-42.1.230",
}

@BOOK{Sipser,
	author       = {M. Sipser},
	year         = 2013,
	title        = {An Introduction to the Theory of Computation},
	edition		 = 3,
	publisher    = {Cengage Learning},
}

@BOOK{Pierce,
	author       = {J. R. Pierce},
	year         = 1980,
	title        = {An Introduction To Information Theory: Symbols, Signals and Noise},
	edition		 = 2,
	publisher    = {Dover Books on Mathematics},
}


@article{Shannon,
	added-at = {2018-06-03T07:16:08.000+0200},
	author = {Shannon, Claude Elwood},
	biburl = {https://www.bibsonomy.org/bibtex/2991e1d12fe529405c363bd2aad283d7b/achakraborty},
	doi = {10.1002/j.1538-7305.1948.tb01338.x},
	interhash = {754130207906fcec16a53d330eeff348},
	intrahash = {991e1d12fe529405c363bd2aad283d7b},
	journal = {The Bell System Technical Journal},
	keywords = {ieee information-theory paper},
	month = {7},
	number = 3,
	pages = {379--423},
	publisher = {Nokia Bell Labs},
	timestamp = {2018-06-03T07:17:55.000+0200},
	title = {A Mathematical Theory of Communication},
	url = {https://ieeexplore.ieee.org/document/6773024/},
	volume = 27,
	year = 1948
}

@BOOK{Brogan,
	author       = {W. L. Brogan},
	year         = 1990,
	title        = {Modern Control Theory},
	edition		 = 3,
	publisher    = {Pearson},
}

@ARTICLE{Kalman,
	author       = "R. E. Kalman",
	title        = {A new approach to linear filtering and prediction problems},	
	year         = "1960",
	journal      = "Journal of Basic Engineering",
	volume       = "82",
	number		 = "1",
	pages        = "35-45",
	doi			 = "10.1115/1.3662552",
}

@article{Carc1,
	doi = {10.1088/2399-6528/aaba25},
	year = 2018,
	month = {apr},
	publisher = {{IOP} Publishing},
	volume = {2},
	number = {4},
	pages = {045026},
	author = {Gabriele Carcassi and Christine A. Aidala and David J. Baker and Lydia Bieri},
	title = {From physical assumptions to classical and quantum {Hamiltonian} and {Lagrangian} particle mechanics},
	journal = {Journal of Physics Communications},
}

@article{Carc2,
	year 	= 2018,
	author 	= {C. A. Aidala and G. Carcassi and M. J. Greenfield},
	title  	= {Topology and experimental distinguishability},
	note  	= {Accepted by Topology Proceedings},
	archivePrefix = "arXiv",
	eprint	=  "1708.05492",
}

@UNPUBLISHED{Carc3,
	author       = {G. Carcassi and C. A. Aidala}, 
	title        = "Assumptions of Physics", 
	note         = "Book (in preparation)", 
	year         = "2019",
}





