@book{aop-book,
	author    = {Gabriele Carcassi and Christine A. Aidala}, 
	title     = {Assumptions of Physics},
	publisher = {Michigan Publishing},
	year      = 2021,
	isbn      = {978-1-60785-706-7},
	doi       = {10.3998/mpub.12204707},
	url       = {https://doi.org/10.3998/mpub.12204707}
}

@misc{aop-overview-verifiability,
	title={Assumptions of {P}hysics overview: experimental verifiability and topology}, 
	author={Gabriele Carcassi and Christine A. Aidala},
	year={2021},
	eprint={2103.06053},
	archivePrefix={arXiv},
	primaryClass={physics.gen-ph}
}

@article{aop-phil-Hamiltonianinformation,
	title={Hamiltonian mechanics is conservation of information entropy},
	author={Carcassi, Gabriele and Aidala, Christine A},
	journal={Studies in History and Philosophy of Science Part B: Studies in History and Philosophy of Modern Physics},
	volume={71},
	pages={60--71},
	year={2020},
	publisher={Elsevier}
}