@book{aop-book,
	author    = {Gabriele Carcassi and Christine A. Aidala}, 
	title     = {Assumptions of Physics},
	publisher = {Michigan Publishing},
	year      = 2021,
	isbn      = {978-1-60785-706-7},
	doi       = {10.3998/mpub.12204707},
	url       = {https://doi.org/10.3998/mpub.12204707}
}



@ARTICLE {AoPPhy1,
	author  = "Gabriele Carcassi and Christine A. Aidala and David J. Baker and Lydia Bieri",
	title   = "From physical assumptions to classical and quantum {H}amiltonian and {L}agrangian particle mechanics",
	journal = "Journal of Physics Communications",
	year    = "2018",
	volume  = "2",
    number  = "4",
    pages   = "045026",
	url     = "https://doi.org/10.1088/2399-6528/aaba25"
}
