%Putting a measure on a space given only a total preordering on the space of subsets
@article{probexistence,
  title={On the existence of a probability measure compatible with a total preorder on a Boolean algebra},
  author={Chateauneuf, Alain},
  journal={Journal of Mathematical Economics},
  volume={14},
  number={1},
  pages={43--52},
  year={1985},
  publisher={Elsevier}
}

@article{villegas,
  title={On Qualitative Probability $\sigma $-Algebras},
  author={Villegas, Carlos and others},
  journal={The Annals of Mathematical Statistics},
  volume={35},
  number={4},
  pages={1787--1796},
  year={1964},
  publisher={Institute of Mathematical Statistics}
}

@article{definetti,
  title={Sul significato soggettivo della probabilita},
  author={De Finetti, Bruno},
  journal={Fundamenta mathematicae},
  volume={17},
  number={1},
  pages={298--329},
  year={1931}
}

@book{AoPBook,
	author    = {Gabriele Carcassi and Christine A. Aidala}, 
	title     = {Assumptions of Physics (in preparation)},
	publisher = {TBD},
	year      = 2021,
	note      = {\url{https://assumptinosofphysics.org/book}},
	isbn      = {TBD}
}

@misc{AoPOverviewVerifiability,
	title={Assumptions of Physics overview: experimental verifiability and topology}, 
	author={Gabriele Carcassi and Christine A. Aidala},
	year={2021},
	eprint={2103.06053},
	archivePrefix={arXiv},
	primaryClass={physics.gen-ph},
	howpublished = "\url{https://arxiv.org/abs/2103.06053}"
}
