@book{davey2002introduction,
	title={Introduction to lattices and order},
	author={Davey, Brian A and Priestley, Hilary A},
	year={2002},
	publisher={Cambridge university press}
}

@book{pinter2014book,
	title={A book of set theory},
	author={Pinter, Charles C},
	year={2014},
	publisher={Dover Publications Corporation}
}

