@ARTICLE {North,
	author  = "Jill North",
	title   = "The ``Structure'' of Physics: A Case Study",
	journal = "The Journal of Philosophy",
	year    = "2009",
	volume  = "106",
	number  = "2",
	pages   = "57--88"
	url     = "http://philsci-archive.pitt.edu/4961/"
}

@ARTICLE {Curiel,
	author  = "Erik Curiel",
	title   = "Classical Mechanics Is Lagrangian; It Is Not Hamiltonian",
	journal = "The British Journal for the Philosophy of Science",
	year    = "2014",
	volume  = "65",
	number  = "2",
	pages   = "269-–321"
	url     = "https://doi.org/10.1093/bjps/axs034"
}

@ARTICLE {Barrett1,
	author  = "Thomas William Barrett",
	title   = "On the Structure of Classical Mechanics",
	journal = "The British Journal for the Philosophy of Science",
	year    = "2014",
	volume  = "66",
	number  = "4",
	pages   = "801-–828"
	url     = "https://doi.org/10.1093/bjps/axu005"
}

@ARTICLE {Barrett2,
	author  = "Thomas William Barrett",
	title   = "Equivalent and Inequivalent Formulations of Classical Mechanics",
	journal = "The British Journal for the Philosophy of Science",
	year    = "2018",
	url     = "https://doi.org/10.1093/bjps/axy017"
}

@ARTICLE {AoPPhy1,
	author  = "Gabriele Carcassi and Christine A. Aidala and David J. Baker and Lydia Bieri",
	title   = "From physical assumptions to classical and quantum Hamiltonian and Lagrangian particle mechanics",
	journal = "Journal of Physics Communications",
	year    = "2018",
	volume  = "2",
    number  = "4",
    pages   = "045026"
	url     = "https://doi.org/10.1088/2399-6528/aaba25"
}

@ARTICLE {AllHamFreeParticle,
	author  = "E. Galindo-Linares and E. Navarro-Morale and G. Silva-Ortigoza and R. Suárez-Xique and M. Marciano-Melchor and R. Silva-Ortigoza and E. Román-Hernández",
	title   = "Any Hamiltonian System Is Locally Equivalent to a Free Particle",
	journal = "World Journal of Mechanics",
	year    = "2012",
	volume  = "2",
	number  = "5",
	pages   = "246--252"
	url     = "https://doi.org/10.4236/wjm.2012.25030"
}

@ARTICLE {AllSystemsAreHam,
	author  = "C. A. Lucey and E. T. Newman",
	title   = "On the construction of Hamiltonians",
	journal = "Journal of Mathematical Physics",
	year    = "1988",
	volume  = "29",
	number  = "11",
	pages   = "2430--2433"
	url     = "https://doi.org/10.1063/1.528129"
}
