@book{aop-book,
	author    = {Gabriele Carcassi and Christine A. Aidala}, 
	title     = {Assumptions of Physics},
	publisher = {Michigan Publishing},
	year      = 2021,
	isbn      = {978-1-60785-706-7},
	doi       = {10.3998/mpub.12204707},
	url       = {https://doi.org/10.3998/mpub.12204707}
}


@ARTICLE {AoPPhy1,
	author  = "Gabriele Carcassi and Christine A. Aidala and David J. Baker and Lydia Bieri",
	title   = "From physical assumptions to classical and quantum {H}amiltonian and {L}agrangian particle mechanics",
	journal = "Journal of Physics Communications",
	year    = "2018",
	volume  = "2",
    number  = "4",
    pages   = "045026",
	url     = "https://doi.org/10.1088/2399-6528/aaba25"
}

@book{souriau1997structure,
	title={Structure of dynamical systems: a symplectic view of physics},
	author={Souriau, Jean-Marie and Cushman, Ch},
	volume={149},
	year={1997},
	publisher={Springer Science \& Business Media}
}

@book{simpson2017reverse,
	title={Reverse mathematics 2001},
	author={Simpson, Stephen G},
	volume={21},
	year={2017},
	publisher={Cambridge University Press}
}

@book{stillwellreverse,
	title={Reverse Mathematics: Proofs from the Inside Out},
	author={Stillwell, John},
	year={2019},
	publisher={Princeton University Press},
	isbn={978-0691196411}
}

@article{friedman1976systems,
	title={Systems on Second Order Arithmetic with Restricted Induction I, II},
	author={Friedman, Harvey M},
	journal={J. Symb. Logic},
	volume={41},
	pages={557--559},
	year={1976}
}

@article{chiribella2011informational,
	title={Informational derivation of quantum theory},
	author={Chiribella, Giulio and Dâ€™Ariano, Giacomo Mauro and Perinotti, Paolo},
	journal={Physical Review A},
	volume={84},
	number={1},
	pages={012311},
	year={2011},
	publisher={APS}
}

@book{giles2016mathematical,
	title={Mathematical foundations of thermodynamics: International series of monographs on pure and applied mathematics},
	author={Giles, Robin},
	volume={53},
	year={2016},
	publisher={Elsevier}
}

@article{PhysRev.101.860,
	title = {Quantum Field Theory in Terms of Vacuum Expectation Values},
	author = {Wightman, A. S.},
	journal = {Phys. Rev.},
	volume = {101},
	issue = {2},
	pages = {860--866},
	numpages = {0},
	year = {1956},
	month = {Jan},
	publisher = {American Physical Society},
	doi = {10.1103/PhysRev.101.860},
	url = {https://link.aps.org/doi/10.1103/PhysRev.101.860}
}

@article{osti_4606723,
	title = {FIELDS AS OPERATOR-VALUED DISTRIBUTIONS IN RELATIVISTIC QUANTUM THEORY},
	author = {Wightman, A S and Garding, L},
	abstractNote = {},
	doi = {},
	url = {https://www.osti.gov/biblio/4606723}, journal = {Arkiv Fys.},
	number = ,
	volume = Vol: 28,
	place = {Country unknown/Code not available},
	year = {1965},
	month = {1}
}

@article{boyling1972axiomatic,
	title={An axiomatic approach to classical thermodynamics},
	author={Boyling, JB},
	journal={Proceedings of the Royal Society of London. A. Mathematical and Physical Sciences},
	volume={329},
	number={1576},
	pages={35--70},
	year={1972},
	publisher={The Royal Society London}
}

@article{axiomaticQFT1975,
	doi = {10.1088/0034-4885/38/7/001},
	url = {https://doi.org/10.1088/0034-4885/38/7/001},
	year = 1975,
	month = {jul},
	publisher = {{IOP} Publishing},
	volume = {38},
	number = {7},
	pages = {771--846},
	author = {R F Streater},
	title = {Outline of axiomatic relativistic quantum field theory},
	abstract = {Hilbert space and the C*-algebra approach are outlined. There follows sections devoted to Wightman's axiomatic treatment with recent generalisations. The review surveys the work covered in the period 1954-74.}
}

@ARTICLE{Haag1964848,
	author={Haag, R. and Kastler, D.},
	title={An algebraic approach to quantum field theory},
	journal={Journal of Mathematical Physics},
	year={1964},
	volume={5},
	number={7},
	pages={848-861},
	doi={10.1063/1.1704187}
}

@book{hossenfelder2018lost,
	title={Lost in math: How beauty leads physics astray},
	author={Hossenfelder, Sabine},
	year={2018},
	publisher={Hachette UK}
}

@book{woit2006not,
	title={Not even wrong: The failure of string theory and the search for unity in physical law},
	author={Woit, Peter},
	year={2006},
	publisher={Basic Books (AZ)}
}

@article{masanes2019measurement,
	title={The measurement postulates of quantum mechanics are operationally redundant},
	author={Masanes, Llu{\'\i}s and Galley, Thomas D and M{\"u}ller, Markus P},
	journal={Nature communications},
	volume={10},
	number={1},
	pages={1--6},
	year={2019},
	publisher={Nature Publishing Group}
}

@article{carcassi2021four,
	title={Four Postulates of Quantum Mechanics Are Three},
	author={Carcassi, Gabriele and Maccone, Lorenzo and Aidala, Christine A},
	journal={Physical Review Letters},
	volume={126},
	number={11},
	pages={110402},
	year={2021},
	publisher={APS}
}

@article{selby2021reconstructing,
	title={Reconstructing quantum theory from diagrammatic postulates},
	author={Selby, John H and Scandolo, Carlo Maria and Coecke, Bob},
	journal={Quantum},
	volume={5},
	pages={445},
	year={2021},
	publisher={Verein zur F{\"o}rderung des Open Access Publizierens in den Quantenwissenschaften}
}

@book{lewis1923thermodynamics,
	title={Thermodynamics and the free energy of chemical substances},
	author={Lewis, Gilbert Newton and Randall, Merle},
	year={1923},
	publisher={McGraw-Hill}
}
