@book{aop-book,
	author    = {Gabriele Carcassi and Christine A. Aidala}, 
	title     = {Assumptions of Physics},
	publisher = {Michigan Publishing},
	year      = 2021,
	isbn      = {978-1-60785-706-7},
	doi       = {10.3998/mpub.12204707},
	url       = {https://doi.org/10.3998/mpub.12204707}
}


@article{aop-phys-ReversePhysics,
	title={Reverse Physics: From Laws to Physical Assumptions},
	author={Carcassi, Gabriele and Aidala, Christine A},
	journal={Foundations of Physics},
	volume={52},
	number={2},
	pages={1--10},
	year={2022},
	publisher={Springer},
	doi={10.1007/s10701-022-00555-z}
}

@article{aop-phys-blueprint,
	title={From physical assumptions to classical and quantum Hamiltonian and Lagrangian particle mechanics},
	author={Carcassi, Gabriele and Aidala, Christine A and Baker, David J and Bieri, Lydia},
	journal={Journal of Physics Communications},
	volume={2},
	number={4},
	pages={045026},
	year={2018},
	publisher={IOP Publishing},
	doi={10.1088/2399-6528/aaba25}
}

@book{hamilton1834general,
	title={On a general method in dynamics},
	author={Hamilton, William Rowan},
	year={1834},
	publisher={Richard Taylor}
}

@article{heaviside1903,
	title={The principle of least action. Lagrange's equations},
	author={Heaviside, Oliver},
	journal={Nature},
	volume={67},
	pages={297--298},
	year={1903},
	doi={10.1038/067297b0}
}


@book{souriau1970structure,
	title={Structure des systèmes dynamiques: maîtrises de mathématiques},
	author={Souriau, Jean-Marie and Cushman, Ch},
	year={1970},
	publisher={Dunod Universi\'{e}}
}
 
@book{souriau1997structure,
	title={Structure of dynamical systems: a symplectic view of physics},
	author={Souriau, Jean-Marie and Cushman, Ch},
	volume={149},
	year={1997},
	publisher={Springer Science \& Business Media}
}

@book{lanczos1949variational,
	title={The variational principles of mechanics},
	author={Lanczos, Cornelius},
	year={1949},
	publisher={University of Toronto Press}
}
@misc{synge1960encyclopedia,
	title={Encyclopedia of Physics vol 3/1 ed. {S}. {F}l{\"u}gge},
	author={Synge, JL},
	year={1960},
	publisher={Berlin: Springer}
}

@book{abraham1978foundations,
	title={Foundations of Mechanics 2nd edn},
	author={Abraham, R and Marsden, J},
	year={1978},
	publisher={Westview Press}
}

@book{marsden1999introduction,
	title={Introduction to Mechanics and Symmetry},
	author={Marsden, J E and Ratiu, T S},
	year={1999},
	publisher={Springer}
}

@book{rojo2018principle,
	title={The principle of least action: History and Physics},
	author={Rojo, Alberto and Bloch, Anthony},
	year={2018},
	publisher={Cambridge University Press}
}
@article{feynman1942principle,
	title={The Principle of Least Action in Quantum Mechanics.},
	author={Feynman, Richard Phillips},
	journal={Ph. D. Thesis},
	year={1942}
}

@article{brenier1989least,
	title={The least action principle and the related concept of generalized flows for incompressible perfect fluids},
	author={Brenier, Yann},
	journal={Journal of the American Mathematical Society},
	volume={2},
	number={2},
	pages={225--255},
	year={1989}
}

@article{brenier1989least,
	title={The least action principle and the related concept of generalized flows for incompressible perfect fluids},
	author={Brenier, Yann},
	journal={Journal of the American Mathematical Society},
	volume={2},
	number={2},
	pages={225--255},
	year={1989}
}

@book{arnold1989mathematical,
	author = {Arnold, Vladimir I.},
	title = {Mathematical Methods of Classical Mechanics},
	year = {1989},
	publisher = {Springer},
	place = {New York},
	edition = {2},
	translator = {K. Vogtmann and A. Weinstein}
}

@book{peliti2011statistical,
	title={Statistical mechanics in a nutshell},
	author={Peliti, Luca},
	year={2011},
	publisher={Princeton University Press}
}
