@article{saletan1961contraction,
  title={Contraction of {L}ie groups},
  author={Saletan, Eugene J},
  journal={Journal of Mathematical Physics},
  volume={2},
  number={1},
  pages={1--21},
  year={1961},
  publisher={American Institute of Physics}
}

@article{inonu1953contraction,
  title={On the contraction of groups and their representations},
  author={Inonu, Erdal and Wigner, Eugene Paul},
  journal={Proceedings of the National Academy of Sciences},
  volume={39},
  number={6},
  pages={510--524},
  year={1953},
  publisher={National Acad Sciences}
}

@article{hillery1984distribution,
  title={Distribution functions in physics: Fundamentals},
  author={Hillery, Mark and O'Connell, Robert F. and Scully, Marlan O. and Wigner, Eugene P.},
  journal={Physics reports},
  volume={106},
  number={3},
  pages={121--167},
  year={1984},
  publisher={Elsevier}
}

@article{kenfack2004negativity,
  title={Negativity of the {W}igner function as an indicator of non-classicality},
  author={Kenfack, Anatole and {\.Z}yczkowski, Karol},
  journal={Journal of Optics B: Quantum and Semiclassical Optics},
  volume={6},
  number={10},
  pages={396},
  year={2004},
  publisher={IOP Publishing}
}

@article{weedbrook2012gaussian,
  title={Gaussian quantum information},
  author={Weedbrook, Christian and Pirandola, Stefano and Garc{\'\i}a-Patr{\'o}n, Ra{\'u}l and Cerf, Nicolas J and Ralph, Timothy C and Shapiro, Jeffrey H and Lloyd, Seth},
  journal={Reviews of Modern Physics},
  volume={84},
  number={2},
  pages={621--669},
  year={2012},
  publisher={APS}
}

@book{Cover_Thomas_2006,
  place={Hoboken, N.J},
  title={Elements of information theory},
  publisher={Wiley-Interscience},
  author={Cover, Thomas M. and Thomas, Joy A.},
  year={2006}
} 

@book{Pathria_Beale_2022,
  place={London},
  title={Statistical mechanics},
  publisher={Academic Press},
  author={Pathria, R. K. and Beale, Paul D.},
  year={2022}
}

@article{WignerLimit,
  title = {On the Quantum Correction For Thermodynamic Equilibrium},
  author = {Wigner, E.},
  journal = {Phys. Rev.},
  volume = {40},
  issue = {5},
  pages = {749--759},
  numpages = {0},
  year = {1932},
  publisher = {American Physical Society},
  doi = {10.1103/PhysRev.40.749},
  url = {https://link.aps.org/doi/10.1103/PhysRev.40.749}
}

@Article{Benatti1988,
author={Benatti, F.
and Narnhofer, H.},
title={Entropy behaviour under completely positive maps},
journal={Letters in Mathematical Physics},
year={1988},
month={May},
day={01},
volume={15},
number={4},
pages={325-334},
abstract={Some general results about the behaviour of the entropy under dynamical semigroups are derived and an explicit estimate about the Ghirardi-Rimini-Weber model is provided in this light.},
issn={1573-0530},
doi={10.1007/BF00419590},
url={https://doi.org/10.1007/BF00419590}
}
