@book{aop-book,
	author    = {Gabriele Carcassi and Christine A. Aidala},
	title     = {Assumptions of Physics},
	publisher = {Michigan Publishing},
    address = "Ann Arbor, MI",
	year      = 2021,
	isbn      = {978-1-60785-706-7},
	doi       = {10.3998/mpub.12204707}
}

@article{lemos,
    author = {Lemos, N.A.},
    title = "{Are Hilbert Spaces Unphysical? Hardly, My Dear!}",
    journal = {Found Phys},
    volume = {55},
    year = {2025},
    doi = {10.1007/s10701-025-00858-x}
}

@inbook{shankar,
    author = "Shankar, R.",
    title = "Principles of Quantum Mechanics",
    publisher = "Springer",
    address		= "New {Y}ork",
    year = "1994",
    pages = {29--30},
    chapter = "1.7"
}

@article{carcassi,
    author = {Carcassi, G. and Calder√≥n, F. and Aidala, C. A.},
    title = "{The unphysicality of Hilbert spaces}",
    journal = "Quantum Stud.: Math. Found.",
    volume = "12",
    year = "2025",
    doi = "10.1007/s40509-024-00357-0"
}

@inbook{gottfried1,
    author = "Gottfried, K.",
    title = "Quantum Mechanics - Volume I: Fundamentals",
    publisher = "Addison-Wesley Publishing Company",
    address = "Massachusetts",
    year = "1966",
    chapter = "29",
    pages = "243-246"
}

@inbook{gottfried2,
    author = "Gottfried, K. and Yan, T. M.",
    title = "Quantum Mechanics: Fundamentals",
    publisher = "{Springer-Verlag}",
    address		= "New {Y}ork",
    year = "2003",
    chapter = "2.5",
    pages = "72"
}

@inbook{ballentine,
    author = "Ballentine, L. E.",
    title = "Quantum Mechanics - A Modern Development",
    publisher = "World Scientific Publishing Co.",
    address = "London",
    year = "1998",
    chapter = "3.2",
    pages = "66-68"
}

@inbook{binney,
    author = "Binney, J. and Skinner, D.",
    title = "The Physics of Quantum Mechanics",
    publisher = "Oxford University Press",
    address = "Oxford",
    year = "2014",
    chapter = "4.1-4.2",
    pages = "66-74"
}