@book{AmariInfoGeom,
	author    = {S. Amari},
	title     = {Information Geometry and Its Applications},
	publisher = {Springer},
	year      = 2016,
	doi       = {10.1007/978-4-431-55978-8},
}

@article{facchi2010,
  title={Classical and quantum {F}isher information in the geometrical formulation of quantum mechanics},
  author={Facchi, Paolo and Kulkarni, Ravi and Man'Ko, V. I. and Marmo, Giuseppe and Sudarshan, E. C. G. and Ventriglia, Franco},
  journal={Physics Letters A},
  volume={374},
  number={48},
  pages={4801--4803},
  year={2010},
  publisher={Elsevier}
}

@book{HayashiQuantumInfo,
	author    = {Masahito Hayashi},
	title     = {Quantum Information: An Introduction},
	publisher = {Springer},
	year      = 2006,
	doi       = {10.1007/3-540-30266-2},
}

@article{kullback1951information,
  title={On information and sufficiency},
  author={Kullback, Solomon and Leibler, Richard A},
  journal={The Annals of Mathematical Statistics},
  volume={22},
  number={1},
  pages={79--86},
  year={1951},
  publisher={JSTOR}
}

@article{lin1991divergence,
  title={Divergence measures based on the {S}hannon entropy},
  author={Lin, Jianhua},
  journal={IEEE Transactions on Information theory},
  volume={37},
  number={1},
  pages={145--151},
  year={1991},
  publisher={IEEE}
}

@article{majtey2005jensen,
  title={Jensen-{S}hannon divergence as a measure of distinguishability between mixed quantum states},
  author={Majtey, Ana P and Lamberti, Pedro W and Prato, Domingo P},
  journal={Physical Review A},
  volume={72},
  number={5},
  pages={052310},
  year={2005},
  publisher={APS}
}

@article{Rao:1945,
	author = "Rao, C. R.",
	title = "{Information and accuracy attainable in the estimation of statistical parameters}",
	journal = "Bulletin
of the Calcutta Mathematical Society",
	volume = "37",
	pages = "81",
	year = "1045"
}

@book{aop-book,
	author    = {Gabriele Carcassi and Christine A. Aidala},
	title     = {Assumptions of Physics},
	publisher = {Michigan Publishing},
	year      = 2021,
	isbn      = {978-1-60785-706-7},
	doi       = {10.3998/mpub.12204707},
	url       = {https://doi.org/10.3998/mpub.12204707}
}

@misc{aop-website,
	title={Assumptions of Physics project site}, 
	note={\url{https://assumptionsofphysics.org/}}
}

@misc{Carcassi-ToEInterview,
	title={Interview of {G}abriele {C}arcassi by {C}urt {J}aimungal for the ``{T}heories of {E}verything'' podcast}, 
	year={2024},
	note={\url{https://youtu.be/pIQ7CaQX8EI?si=4EXnHdtpvL7DlCiM}}, 
}

@misc{aop-classicallimit,
	title={Classical mechanics as the high-entropy limit of quantum mechanics}, 
	author={Gabriele Carcassi and Manuele Landini and Christine A. Aidala},
	year={2024},
	eprint={2411.00972},
	archivePrefix={arXiv},
	primaryClass={quant-ph},
	url={https://arxiv.org/abs/2411.00972}, 
}

@misc{aop-unphysHilbert,
	title={The unphysicality of {Hilbert} spaces}, 
	author={Gabriele Carcassi and Francisco Calderon and Christine A. Aidala},
	year={2023},
	eprint={2308.06669},
	archivePrefix={arXiv},
	primaryClass={quant-ph},
	url={https://arxiv.org/abs/2308.06669}, 
}

@Article{aop-nonaddmeas,
	AUTHOR = {Carcassi, Gabriele and Aidala, Christine A.},
	TITLE = {How Quantum Mechanics Requires Non-Additive Measures},
	JOURNAL = {Entropy},
	VOLUME = {25},
	YEAR = {2023},
	NUMBER = {12},
	ARTICLE-NUMBER = {1670},
	URL = {https://www.mdpi.com/1099-4300/25/12/1670},
	DOI = {10.3390/e25121670}
}

@article{aop-nogo,
	author = "Carcassi, Gabriele and Oldofredi, Andrea and Aidala, Christine A.",
	title = "{On the reality of the quantum state once again: A no-go theorem for $\psi$-ontic models}",
	doi = "10.1007/s10701-023-00748-0",
	journal = "Foundations of Physics",
	volume = "54",
	pages = "14",
	year = "2024"
}

@article{Carcassi:2022bpm,
	author = "Carcassi, Gabriele and Aidala, Christine A.",
	title = "{Reverse Physics: From Laws to Physical Assumptions}",
	doi = "10.1007/s10701-022-00555-z",
	journal = "Foundations of Physics",
	volume = "52",
	number = "2",
	pages = "40",
	year = "2022"
}

@article{aop-action,
	author = "Carcassi, Gabriele and Aidala, Christine A.",
	title = "{Geometric and physical interpretation of the action principle}",
	doi = "10.1038/s41598-023-39145-y",
	journal = "Scientific Reports",
	volume = "13",
	pages = "12138",
	year = "2023"
}

@article{aop-HamPriv,
	author = "Carcassi, Gabriele and Hunt, Josh and Aidala, Christine A.",
	title = "{Hamiltonian privilege}",
	doi = "10.1007/s10670-023-00708-0",
	journal = "Erkenntnis",
	year = "2023"
}

@article{aop-commonLogical,
	author = "Oldofredi, Andrea and Carcassi, Gabriele and Aidala, Christine A.",
	title = "{On the common logical structure of classical and quantum mechanics}",
	doi = "10.1007/s10670-022-00593-z",
	journal = "Erkenntnis",
	volume = "89",
	pages = "1507",
	year = "2024"
}

@article{aop-HamConsInfoEnt,
	author = {Gabriele Carcassi and Christine A. Aidala},
	title = {Hamiltonian mechanics is conservation of information entropy},
	journal = {Studies in History and Philosophy of Science Part B: Studies in History and Philosophy of Modern Physics},
	volume = {71},
	pages = {60-71},
	year = {2020},
	doi = {https://doi.org/10.1016/j.shpsb.2020.04.004},
	url = {https://www.sciencedirect.com/science/article/pii/S1355219819300176}
}

@article{aop-spacetimeStruct,
	author = "Carcassi, Gabriele and Aidala, Christine A.",
	title = "{Spacetime structure may be topological and not geometrical}",
	doi = "10.1088/1402-4896/ab9bdb",
	journal = "Physica Scripta",
	volume = "95",
	pages = "084003",
	year = "2020"
}

@article{aop-HamQuantInfo,
author = "Carcassi, Gabriele and Aidala, Christine A.",
title = "{The fundamental connections between classical Hamiltonian mechanics, quantum mechanics and information entropy}",
doi = "10.1142/S0219749919410259",
journal = "International Journal of Quantum Information",
volume = "18",
pages = "1941025",
year = "2020"
}

@article{Carcassi:2021,
	Author = {Carcassi, G. and Aidala, C.A. and Barbour, J.},
	Date-Added = {2023-10-12 17:43:53 +0000},
	Date-Modified = {2023-10-12 17:45:23 +0000},
	Journal = {European Journal of Physics},
	Pages = {045102},
	Title = {{Variability as a better characterization of Shannon entropy}},
	Volume = {42},
	Year = {2021}}

@article{Carcassi2021four,
	title={Four Postulates of Quantum Mechanics Are Three},
	author={Carcassi, Gabriele and Maccone, Lorenzo and Aidala, Christine A},
	journal={Physical Review Letters},
	volume={126},
	number={11},
	pages={110402},
	year={2021},
	publisher={APS}
}

@article{aop-topExpDisting,
	author = "Aidala, Christine A. and Carcassi, Gabriele and Greenfield, Mark J.",
	title = "{Topology and experimental distinguishability}",
	journal = "Topology Proceedings",
	volume = "54",
	pages = "271",
	year = "2019"
}

@article{aop-phys-blueprint,
	title={From physical assumptions to classical and quantum {H}amiltonian and {L}agrangian particle mechanics},
	author={Carcassi, Gabriele and Aidala, Christine A and Baker, David J and Bieri, Lydia},
	journal={Journal of Physics Communications},
	volume={2},
	number={4},
	pages={045026},
	year={2018},
	publisher={IOP Publishing},
	doi={10.1088/2399-6528/aaba25}
}

@article{Aidala:2023dai,
	author = "Aidala, Christine A. and Burr, Christopher and Cattaneo, Marco and Fitzgerald, Dillon S. and Morris, Adam and Neubert, Sebastian and Tropmann, Donijor",
	title = "{Ntuple Wizard: An Application to Access Large-Scale Open Data from LHCb}",
	eprint = "2302.14235",
	archivePrefix = "arXiv",
	primaryClass = "hep-ex",
	doi = "10.1007/s41781-023-00099-5",
	journal = "Comput. Softw. Big Sci.",
	volume = "7",
	number = "1",
	pages = "6",
	year = "2023"
}

@article{SeaQuest:2022xdu,
	author = "Dove, J. 
	and Kerns, B.
	and Leung, C.
	and McClellan, R. E.
	and Miyasaka, S.
	and Morton, D. H.
	and Nagai, K.
	and Prasad, S.
	and Sanftl, F.
	and Scott, M. B. C.
	and Tadepalli, A. S.
	and Aidala, C. A.
	and Arrington, J.
	and Ayuso, C.
	and Barker, C. L.
	and Brown, C. N.
	and Chang, T. H.
	and Chang, W. C.
	and Chen, A.
	and Christian, D. C.
	and Dannowitz, B. P.
	and Daugherity, M.
	and Diefenthaler, M.
	and El Fassi, L.
	and Geesaman, D. F.
	and Gilman, R.
	and Goto, Y.
	and Guo, L.
	and Guo, R.
	and Hague, T. J.
	and Holt, R. J.
	and Isenhower, D.
	and Kinney, E. R.
	and Kitts, N.
	and Klein, A.
	and Kleinjan, D. W.
	and Kudo, Y.
	and Leung, C.
	and Lin, P.-J.
	and Liu, K.
	and Liu, M. X.
	and Lorenzon, W.
	and Makins, N. C. R.
	and de Medeiros, M. Mesquita
	and McGaughey, P. L.
	and Miyachi, Y.
	and Mooney, I.
	and Nakahara, K.
	and Nakano, K.
	and Nara, S.
	and Peng, J.-C.
	and Puckett, A. J.
	and Ramson, B. J.
	and Reimer, P. E.
	and Rubin, J. G.
	and Sawada, S.
	and Sawada, T.
	and Shibata, T.-A.
	and Shiu, S. H.
	and Su, D.
	and Teo, M.
	and Tice, B. G.
	and Towell, R. S.
	and Uemura, S.
	and Watson, S.
	and Wang, S. G.
	and Wickes, A. B.
	and Wu, J.
	and Xi, Z.
	and Ye, Z.",
	collaboration = "{SeaQuest}",
	title = "{Measurement of flavor asymmetry of the light-quark sea in the proton with Drell-Yan dimuon production in p+p and p+d collisions at 120 GeV}",
	eprint = "2212.12160",
	archivePrefix = "arXiv",
	primaryClass = "hep-ph",
	reportNumber = "FERMILAB-PUB-22-921-ND-PPD",
	doi = "10.1103/PhysRevC.108.035202",
	journal = "Phys. Rev. C",
	volume = "108",
	number = "3",
	pages = "035202",
	year = "2023"
}

@article{SeaQuest:2021zxb,
	author = "Dove, J.
	and Kerns, B.
	and McClellan, R. E.
	and Miyasaka, S.
	and Morton, D. H.
	and Nagai, K.
	and Prasad, S.
	and Sanftl, F.
	and Scott, M. B. C.
	and Tadepalli, A. S.
	and Aidala, C. A.
	and Arrington, J.
	and Ayuso, C.
	and Barker, C. L.
	and Brown, C. N.
	and Chang, W. C.
	and Chen, A.
	and Christian, D. C.
	and Dannowitz, B. P.
	and Daugherity, M.
	and Diefenthaler, M.
	and El Fassi, L.
	and Geesaman, D. F.
	and Gilman, R.
	and Goto, Y.
	and Guo, L.
	and Guo, R.
	and Hague, T. J.
	and Holt, R. J.
	and Isenhower, D.
	and Kinney, E. R.
	and Kitts, N.
	and Klein, A.
	and Kleinjan, D. W.
	and Kudo, Y.
	and Leung, C.
	and Lin, P.-J.
	and Liu, K.
	and Liu, M. X.
	and Lorenzon, W.
	and Makins, N. C. R.
	and de Medeiros, M. Mesquita
	and McGaughey, P. L.
	and Miyachi, Y.
	and Mooney, I.
	and Nakahara, K.
	and Nakano, K.
	and Nara, S.
	and Peng, J.-C.
	and Puckett, A. J.
	and Ramson, B. J.
	and Reimer, P. E.
	and Rubin, J. G.
	and Sawada, S.
	and Sawada, T.
	and Shibata, T.-A.
	and Su, D.
	and Teo, M.
	and Tice, B. G.
	and Towell, R. S.
	and Uemura, S.
	and Watson, S.
	and Wang, S. G.
	and Wickes, A. B.
	and Wu, J.
	and Xi, Z.
	and Ye, Z.
	",
	collaboration = "{SeaQuest}",
	title = "{The asymmetry of antimatter in the proton}",
	eprint = "2103.04024",
	archivePrefix = "arXiv",
	primaryClass = "hep-ph",
	reportNumber = "FERMILAB-PUB-21-073-E",
	doi = "10.1038/s41586-022-04707-z",
	journal = "Nature",
	volume = "590",
	number = "7847",
	pages = "561--565",
	year = "2021",
	note = "[Erratum: Nature 604, E26 (2022)]"
}

@article{LHCb:2022tbc,
	author = "{The LHCb Collaboration}",
	collaboration = "LHCb",
	title = "First Measurement of the ${Z} \rightarrow \mu^+ \mu^-$ Angular Coefficients in the Forward Region of $pp$ Collisions at $\sqrt{s}=13$ {TeV}",
	eprint = "2203.01602",
	archivePrefix = "arXiv",
	primaryClass = "hep-ex",
	reportNumber = "LHCb-PAPER-2021-048, CERN-EP-2022-030",
	doi = "10.1103/PhysRevLett.129.091801",
	journal = "Phys. Rev. Lett.",
	volume = "129",
	number = "9",
	pages = "091801",
	year = "2022"
}

@article{LHCb:2022rky,
	author = "{The LHCb Collaboration}",
    collaboration = "LHCb",
    title = "{Multidifferential study of identified charged hadron distributions in $Z$-tagged jets in proton-proton collisions at $\sqrt{s}=$13 TeV}",
    eprint = "2208.11691",
    archivePrefix = "arXiv",
    primaryClass = "hep-ex",
    reportNumber = "CERN-EP-2022-161, LHCb-PAPER-2022-013",
    doi = "10.1103/PhysRevD.108.L031103",
    journal = "Phys. Rev. D",
    volume = "108",
    pages = "L031103",
    year = "2023"
}

@article{LHCb:2019qoc,
	author = "{The LHCb Collaboration}",
	collaboration = "LHCb",
	title = "{Measurement of charged hadron production in $Z$-tagged jets in proton-proton collisions at $\sqrt{s}=8$ TeV}",
	eprint = "1904.08878",
	archivePrefix = "arXiv",
	primaryClass = "hep-ex",
	reportNumber = "CERN-EP-2019-065, LHCb-PAPER-2019-012",
	doi = "10.1103/PhysRevLett.123.232001",
	journal = "Phys. Rev. Lett.",
	volume = "123",
	number = "23",
	pages = "232001",
	year = "2019"
}






@book{von_neumann_mathematische_1996,
	edition = {2},
	title = {Mathematische {Grundlagen} der {Quantenmechanik}},
	isbn = {978-3-540-59207-5},
	url = {https://www.springer.com/la/book/9783540592075},
	publisher = {Springer-Verlag},
	author = {von Neumann, John},
	year = {1996/1932},
	doi = {10.1007/978-3-642-61409-5},
}

@book{roman_2008,
	title = {Advanced Linear Algebra},
	isbn = {978-0-387-72828-5},
	url = {https://link.springer.com/book/10.1007/978-0-387-72831-5},
	publisher = {Springer},
	author = {Roman, Stephen},
	year = {2008},
	doi = {10.1007/978-0-387-72831-5},
}

@book{moment_problem_2017,
	title = {The Moment Problem},
	isbn = {978-3-319-64545-2},
	url = {https://link.springer.com/book/10.1007/978-3-319-64546-9},
	publisher = {Springer},
	author = {Schmüdgen, Konrad},
	year = {2017},
	doi = {10.1007/978-3-319-64546-9},
}

@incollection{browder_hilberts_1976,
	title = {Hilbert’s sixth problem: mathematical treatment of the axioms of physics},
	volume = {28.1},
	isbn = {978-0-8218-9421-7 978-0-8218-9425-5},
	shorttitle = {Hilbert’s sixth problem},
	url = {http://www.ams.org/pspum/028.1},
	urldate = {2022-06-24},
	booktitle = {Proceedings of {Symposia} in {Pure} {Mathematics}},
	publisher = {American Mathematical Society},
	author = {Wightman, A. S.},
	editor = {Browder, Felix},
	year = {1976},
	doi = {10.1090/pspum/028.1/0436800},
	pages = {147--240},
}

@book{moretti_spectral_2017,
	edition = {2},
	title = {Spectral {Theory} and {Quantum} {Mechanics} : {Mathematical} {Foundations} of {Quantum} {Theories}, {Symmetries} and {Introduction} to the {Algebraic} {Formulation}},
	isbn = {9783319707068 331970706X 9783319707051 3319707051; 2038-5714 ;},
	url = {https://doi.org/10.1007/978-3-319-70706-8},
	publisher = {Springer},
	author = {Moretti, Valter},
	year = {2017},
	doi = {10.1007/978-3-319-70706-8},
}

@incollection{landsman_axiomatization_2022,
	title = {The {Axiomatization} of {Quantum} {Theory} {Through} {Functional} {Analysis}: {Hilbert}, von {Neumann}, and {Beyond}},
	isbn = {978-0-19-884449-5},
	shorttitle = {The {Axiomatization} of {Quantum} {Theory} {Through} {Functional} {Analysis}},
	url = {https://doi.org/10.1093/oxfordhb/9780198844495.013.0019},
	urldate = {2023},
	booktitle = {The {Oxford} {Handbook} of the {History} of {Quantum} {Interpretations}},
	publisher = {Oxford University Press},
	author = {Landsman, Klaas},
	editor = {Freire, Olival},
	month = mar,
	year = {2022},
	doi = {10.1093/oxfordhb/9780198844495.013.0019},
	pages = {473--494},
}

@book{reed_methods_1980,
	title = {Methods of {Modern} {Mathematical} {Physics}},
	volume = {1: Functional Analysis},
	publisher = {Academic Press},
	author = {Reed, Michael and Simon, Barry},
	year = {1980},
	keywords = {Functional analysis, Mathematical physics},
}



@article{gpt_overview_2021,
	title = {General probabilistic theories: An introduction},
	url = {https://doi.org/10.48550/arXiv.2103.07469},
	doi = {10.48550/arXiv.2103.07469},
	author = {Martin Plávala},
	year = {2021}
}
@book{tao2021introduction,
	title={An Introduction to Measure Theory},
	author={Tao, T.},
	isbn={9781470466404},
	lccn={2011018926},
	series={Graduate Studies in Mathematics},
	year={2021},
	publisher={American Mathematical Society}
}

 @book{nielsen_chuang_2010,
 	place={Cambridge}, 
 	title={Quantum Computation and Quantum Information: 10th Anniversary Edition},
 	DOI={10.1017/CBO9780511976667},
 	publisher={Cambridge University Press},
 	author={Nielsen, Michael A. and Chuang, Isaac L.},
 	year={2010}
 }
 
@article{redei_tension_2020,
	title = {On the {Tension} {Between} {Physics} and {Mathematics}},
	volume = {51},
	issn = {1572-8587},
	url = {https://doi.org/10.1007/s10838-019-09496-0},
	doi = {10.1007/s10838-019-09496-0},
	number = {3},
	urldate = {2020-11-30},
	journal = {Journal for General Philosophy of Science},
	author = {Rédei, Miklós},
	month = sep,
	year = {2020},
	pages = {411--425},
}

@article{ghirardi_unified_1986,
	title = {Unified dynamics for microscopic and macroscopic systems},
	volume = {34},
	url = {https://link.aps.org/doi/10.1103/PhysRevD.34.470},
	doi = {10.1103/PhysRevD.34.470},
	number = {2},
	urldate = {2021-03-11},
	journal = {Physical Review D},
	author = {Ghirardi, G. C. and Rimini, A. and Weber, T.},
	month = jul,
	year = {1986},
	note = {Publisher: American Physical Society},
	pages = {470--491},
}

@book{hall_quantum_2013,
	address = {New York, NY},
	series = {Graduate {Texts} in {Mathematics}},
	title = {Quantum {Theory} for {Mathematicians}},
	volume = {267},
	isbn = {978-1-4614-7115-8 978-1-4614-7116-5},
	url = {https://link.springer.com/10.1007/978-1-4614-7116-5},
	urldate = {2023-08-11},
	publisher = {Springer New York},
	author = {Hall, Brian C.},
	year = {2013},
	doi = {10.1007/978-1-4614-7116-5},
}

