@UNPUBLISHED{AoPBook,
	author       = {G. Carcassi and C. A. Aidala}, 
	title        = "Assumptions of {P}hysics", 
	note         = "{B}ook in preparation, available from \url{https://assumptionsofphysics.org/book}", 
	year         = "2021"
}


@ARTICLE {AoPPhy1,
	author  = "Gabriele Carcassi and Christine A. Aidala and David J. Baker and Lydia Bieri",
	title   = "From physical assumptions to classical and quantum {H}amiltonian and {L}agrangian particle mechanics",
	journal = "Journal of Physics Communications",
	year    = "2018",
	volume  = "2",
    number  = "4",
    pages   = "045026",
	url     = "https://doi.org/10.1088/2399-6528/aaba25"
}

@article{larsson2014loopholes,
	title={Loopholes in Bell inequality tests of local realism},
	author={Larsson, Jan-{\AA}ke},
	journal={Journal of Physics A: Mathematical and Theoretical},
	volume={47},
	number={42},
	pages={424003},
	year={2014},
	publisher={IOP Publishing}
}

@article{ghirardi1986unified,
	title={Unified dynamics for microscopic and macroscopic systems},
	author={Ghirardi, Gian Carlo and Rimini, Alberto and Weber, Tullio},
	journal={Physical review D},
	volume={34},
	number={2},
	pages={470},
	year={1986},
	publisher={APS}
}

@book{carroll2019something,
	title={Something deeply hidden: quantum worlds and the emergence of spacetime},
	author={Carroll, Sean},
	year={2019},
	publisher={Dutton}
}

@article{lee2020model,
	title={A model of quantum gravity with emergent spacetime},
	author={Lee, Sung-Sik},
	journal={Journal of High Energy Physics},
	volume={2020},
	number={6},
	pages={1--66},
	year={2020},
	publisher={Springer}
}
@article{huggett2013emergent,
	title={Emergent spacetime and empirical (in) coherence},
	author={Huggett, Nick and W{\"u}thrich, Christian},
	journal={Studies in History and Philosophy of Science Part B: Studies in History and Philosophy of Modern Physics},
	volume={44},
	number={3},
	pages={276--285},
	year={2013},
	publisher={Elsevier}
}
@book{oriti2009approaches,
	title={Approaches to quantum gravity: Toward a new understanding of space, time and matter},
	author={Oriti, Daniele},
	year={2009},
	publisher={Cambridge University Press}
}
@inproceedings{nikolic2007bohmian,
	title={Bohmian mechanics in relativistic quantum mechanics, quantum field theory and string theory},
	author={Nikoli{\'c}, Hrvoje},
	booktitle={Journal of Physics: Conference Series},
	volume={67},
	number={1},
	pages={012035},
	year={2007},
	organization={IOP Publishing}
}