@book{pinter2014book,
	title={A book of set theory},
	author={Pinter, Charles C},
	year={2014},
	publisher={Dover Publications Corporation}
}

@online{settheory-tutorial, 
	author = {Alex Svirin},
	title = {Math24 - Set Theory},
	year = 2021,
	url = {https://www.math24.net/topics-set-theory/ },
	urldate = {2021-05-19}
}
